1664 2624
284 162 334 200 26

738 171 1068 199 METAMORPHOSES
1096 173 1146 199 xl.

377 262 535 297 Excutit
550 278 557 297 :
583 266 620 297 et
637 262 770 308 primo,
788 263 820 297 si
839 263 901 303 sit,
919 263 1181 308 circumspicit
1199 264 1286 304 11110,

378 308 451 352 Qui
467 309 579 344 modo
596 309 703 343 visus
721 312 813 344 erat.
861 321 950 343 nam
967 310 1065 344 moti
1082 322 1173 345 voce
1190 311 1359 346 ministri

375 355 592 390 Intulerant
608 356 747 390 lumen.
796 359 997 401 postquam
1014 368 1090 390 non
1106 357 1254 391 invenit
1271 369 1445 403 usquam,
1521 359 1592 395 680

376 402 550 436 Percutit
566 413 631 437 ora
648 414 772 442 manu,
790 402 980 447 laniatque
996 414 1019 437 a
1036 410 1187 447 pectore
1203 410 1343 445 vestes,

376 448 611 494 Pectoraque
627 449 711 494 ipsa
726 448 827 483 ferit.
874 460 944 483 nec
960 449 1082 484 crines
1102 450 1246 484 solvere
1263 455 1392 492 curat;

378 494 537 535 scindit,
555 499 593 529 et
609 495 745 535 altrici,
763 506 858 540 quae
873 495 1002 530 luctus
1020 507 1144 537 causa,
1161 498 1317 542 roganti

376 544 398 559 ‘⁶
412 541 530 576 Nulla
546 546 607 576 est
624 542 805 587 Alcyone,
822 541 928 576 nulla
945 547 1003 576 est
1017 558 1024 576 :
1041 542 1060 556 '’
1087 543 1140 577 ait
1158 547 1177 560 “
1191 544 1330 578 occidit
1349 556 1424 580 una

376 587 474 623 Cum
494 588 615 634 Ceyce
633 599 711 622 suo.
761 588 922 622 solantia
937 589 1063 623 tollite
1080 589 1215 624 verba!
1523 591 1593 627 685

375 634 599 679 Naufragus
617 634 774 669 interiit.
822 634 902 668 vidi
918 635 1144 680 agnovique,
1161 648 1373 683 manusque

375 681 439 716 Ad
456 681 726 721 discedentem,
744 681 901 726 cupiens
918 681 1093 723 retinere,
1109 683 1266 717 tetendi.

375 727 522 762 Umbra
538 727 624 761 fuit.
673 727 739 762 sed
757 732 795 762 et
811 727 947 762 umbra
964 732 1094 763 tamen
1111 730 1312 765 manifesta
1328 730 1476 777 virique

374 774 478 809 Vera
494 774 579 808 mei.
627 785 704 808 non
720 774 782 808 ille
799 774 966 819 quidem,
986 775 1019 809 si
1035 777 1198 820 quaeris,
1215 776 1380 812 habebat

374 820 569 856 Adsuetos
586 821 728 861 vultus,
744 832 814 855 nec
831 832 906 866 quo
922 821 1042 866 prius,
1059 833 1123 856 ore
1139 823 1295 858 nitebat.
1522 824 1593 860 690

375 867 587 902 Pallentem
606 867 828 912 nudumque
844 872 883 903 et
899 868 1023 902 adhuc
1041 873 1198 904 umente
1215 870 1350 915 capillo

374 913 515 948 Infelix
532 914 620 948 vidi.
669 914 778 948 stetit
794 914 865 949 1100
881 914 1109 949 miserabilis
1126 916 1210 961 ipso

376 960 474 995 Ecce
490 961 572 995 loco
586 960 695 995 ⁵⁹—et
711 961 871 1006 quaerit,
888 961 1054 1005 vestigia
1071 963 1104 996 si
1121 974 1197 1007 qua
1214 964 1421 1008 supersint.

375 1009 396 1024 ‘⁶
410 1007 494 1041 Hoc
511 1011 604 1048 erat,
622 1008 704 1047 1100,
720 1008 848 1042 animo
865 1008 966 1053 quod
984 1008 1180 1044 divinante
1196 1009 1390 1052 timebam,

375 1053 428 1088 Et
445 1065 503 1094 ne,
520 1065 580 1088 me
596 1053 761 1099 fugiens,
777 1058 912 1089 ventos
929 1066 1141 1099 sequerere,
1157 1056 1349 1100 rogabam.
1524 1057 1595 1093 695

374 1100 431 1135 At
447 1104 548 1135 certe
564 1101 710 1139 vellem,
727 1101 906 1146 quoniam
922 1102 1118 1146 periturus
1136 1102 1279 1144 abibas,

375 1147 441 1181 Mc
458 1158 607 1193 quoque
624 1147 810 1182 duxisses.
859 1149 1023 1182 multum
1040 1148 1116 1183 fuit
1133 1149 1226 1184 utile
1244 1155 1370 1184 tecum

376 1193 440 1228 Ire
456 1193 562 1228 mihi.
609 1205 731 1239 neque
749 1194 850 1229 enim
866 1194 915 1229 de
931 1195 1034 1230 vitae
1050 1199 1220 1240 tempore
1237 1197 1438 1243 quicquam

376 1239 465 1274 Non
482 1240 596 1274 simul
613 1241 788 1286 egissem.
805 1253 875 1276 nec
891 1252 992 1276 mors
1010 1242 1174 1277 discreta
1190 1242 1340 1278 fuisset.

375 1286 490 1321 Nune
506 1287 642 1322 absens
659 1288 765 1333 perii,
779 1287 904 1333 jactor
919 1299 1068 1334 quoque
1085 1289 1264 1324 fluctibus
1282 1291 1430 1332 absens,
1526 1291 1594 1327 700

376 1333 430 1368 Et
447 1333 527 1368 sine
544 1337 582 1368 te
600 1345 660 1368 me
676 1338 818 1379 pontus
836 1334 960 1370 habet.
1009 1335 1198 1371 crudelior
1214 1337 1297 1381 ipso

379 1379 440 1415 Sit
457 1380 551 1414 mihi
568 1392 675 1415 mens
692 1382 838 1426 pelago,
856 1382 888 1415 si
902 1382 1021 1416 vitam
1038 1382 1176 1417 ducere
1193 1383 1296 1418 nita-r

377 1426 560 1472 Longius,
577 1432 615 1462 et
631 1432 738 1462 tanto
755 1439 921 1471 pugnem
940 1439 1139 1472 superesse
1155 1429 1284 1464 dolori.

380 1473 456 1508 Sed
474 1485 596 1519 neque
612 1474 802 1519 pugnabo,
820 1485 888 1509 nec
905 1478 954 1515 te,
973 1476 1197 1516 miserande,
1215 1476 1428 1522 relinquam
1443 1491 1452 1519 ;

379 1520 430 1554 Et
446 1520 518 1554 tibi
537 1532 638 1555 nunc
656 1521 790 1555 saltem
808 1521 958 1556 veniam
976 1533 1112 1557 comes.
1150 1523 1265 1568 inque
1284 1524 1488 1569 sepulchro
1526 1525 1595 1561 705

380 1566 421 1600 Si
436 1577 513 1600 non
531 1579 638 1606 urna,
656 1571 785 1602 tamen
801 1567 940 1613 junget
957 1580 1026 1603 nos
1044 1569 1172 1604 littera
1187 1584 1194 1603 ε
1221 1570 1252 1604 si
1270 1582 1345 1604 11011

379 1612 541 1647 Ossibus
559 1625 646 1648 ossa
663 1614 768 1650 meis.
784 1620 824 1649 at
840 1626 979 1650 nomen
995 1616 1146 1650 nomine
1162 1616 1356 1661 tangam.”

377 1659 495 1694 Plura
511 1660 617 1695 dolor
635 1660 821 1705 prohibet,
839 1661 1027 1707 verboque
1044 1663 1249 1697 intervenit
1266 1664 1369 1698 omni

380 1706 558 1750 Plangor,
577 1711 614 1741 et
631 1708 797 1742 attonito
814 1708 980 1753 gemitus
1000 1721 1019 1743 e
1036 1709 1148 1743 corde
1166 1709 1385 1745 trahuntur.

379 1752 493 1787 Mane
512 1759 603 1788 crat.
652 1754 849 1798 egreditur
864 1755 978 1790 tectis
995 1755 1044 1789 ad
1061 1756 1166 1796 litus,
1184 1761 1220 1790 et
1238 1756 1341 1790 illum
1527 1759 1596 1794 '710

380 1799 530 1834 Maesta
546 1801 669 1834 locum
687 1801 836 1846 repetit,
855 1801 901 1836 de
917 1813 992 1847 quo
1009 1808 1200 1846 spectarat
1218 1808 1383 1838 euntem.

381 1845 558 1891 Dumque
578 1852 746 1882 moratur
763 1848 825 1884 ibi.
843 1848 1009 1893 dumque
1027 1852 1046 1865 “
1058 1849 1119 1883 1110
1137 1850 1347 1885 retinacula.
1364 1851 1490 1887 solvit.

381 1893 464 1927 Hoc
483 1893 574 1927 mihi
594 1893 791 1929 discedens
809 1894 915 1930 dedit
931 1895 1061 1930 oscula
1077 1896 1186 1930 litore
1198 1895 1217 1908 '¹
1235 1897 1342 1938 dixit,

382 1939 486 1982 Quae
504 1939 593 1974 dum
613 1944 694 1975 tota
711 1941 803 1975 locis
822 1942 1082 1977 reminiscitur
1098 1947 1192 1983 actu,
1212 1943 1430 1990 fretumque

382 1986 595 2031 Prospicit:
622 1988 659 2020 in
678 1987 831 2032 liquida.
850 1989 972 2033 spatio
988 1989 1166 2028 distante,
1187 1996 1317 2025 tuctur
1529 1993 1598 2028 715

383 2032 522 2067 Nescio
539 2033 630 2077 quid
649 2034 756 2078 quasi
774 2046 924 2080 corpus.
940 2047 1048 2080 aqua.
1098 2036 1306 2082 primoque.
1324 2038 1416 2084 quid
1434 2038 1526 2074 illud

382 2079 509 2119 Esset,
527 2085 606 2114 erat
623 2080 792 2115 dubium.
843 2088 1044 2128 postquam
1062 2083 1216 2127 paulum
1235 2085 1383 2129 appulit
1401 2086 1514 2125 unda,

386 2126 449 2163 Et,
467 2127 640 2171 quamvis
658 2128 798 2169 aberat,
815 2141 952 2174 corpus
970 2136 1096 2163 tamen
1117 2141 1198 2165 esse
1217 2131 1396 2176 liquebat,

386 2172 458 2215 Qui
479 2174 584 2211 foret.
603 2174 792 2217 ignorans.
811 2175 898 2220 quia
916 2175 1136 2219 naufragus.
1154 2178 1278 2212 omino
1297 2186 1400 2213 mota
1417 2184 1487 2219 est,
1529 2179 1599 2215 719

387 2219 447 2254 Et.
464 2224 657 2264 tamquam
674 2221 806 2265 ignoto
820 2222 1010 2257 lacrimam
1026 2223 1146 2261 duret.
1166 2225 1286 2259 ”haut
1307 2225 1457 2266 nliscr,''
1472 2226 1596 2272 inquit

386 2268 406 2282 “
424 2266 602 2312 Quisquis
620 2279 672 2306 cs.
684 2274 721 2303 et
740 2269 770 2302 si
788 2280 863 2314 qua
879 2273 939 2303 cst
956 2268 1121 2314 conjunx
1141 2271 1208 2305 tibi
1222 2271 1255 2305 Γ
1273 2272 1451 2308 fluctibus
1466 2277 1596 2309 actum

387 2313 448 2348 Fit
467 2313 622 2358 propius
639 2326 786 2360 corpus.
836 2316 937 2361 quod
955 2328 1029 2361 quo
1047 2318 1168 2361 magis
1189 2318 1251 2353 illa
1267 2323 1408 2356 tuetur,
