1664 2624
186 177 236 217 18

627 176 958 216 1111111011ΡΗο3Ε3
987 190 1038 215 iu.

278 279 378 324 Quid
393 279 586 324 peperisse
600 279 696 314 duos
713 283 752 313 et
768 279 826 313 dis
843 279 1032 324 placuisse
1049 279 1196 314 duobus

277 328 328 362 Et
344 326 436 362 forti
453 327 622 372 genitore
639 330 677 360 et
692 326 934 370 progenitore
951 326 1117 360 comanti

277 374 374 409 Esse
391 378 513 408 satam
529 372 714 417 prodest?
739 384 788 406 an
805 372 913 406 obest
930 383 1078 417 quoque
1092 372 1211 416 gloria
1227 372 1361 408 multis
1375 373 1392 409 Ρ
1417 374 1486 410 320

277 420 411 455 Obfuit
428 420 516 454 huic
532 423 643 453 certe.
691 429 786 463 quae
804 430 844 452 se
860 418 1051 463 praeferre
1068 417 1211 452 Dianae

279 467 482 507 Sustinuit,
499 465 710 510 faciemque
727 465 816 499 deae
833 465 1013 508 culpavit.
1062 469 1102 499 at
1117 465 1175 499 illi

280 514 344 548 Ira
359 513 465 548 ferox
483 517 584 546 mota
600 517 672 551 est,
691 514 698 527 ‘
712 510 825 545 factis
837 510 845 524 '
863 522 936 556 que
953 514 961 527 ⁴
975 511 1208 555 placebimus
1224 511 1232 524 ⁹
1247 512 1386 558 inquit.

277 561 314 594 N
317 572 358 595 ec
375 571 486 600 mora,
503 558 678 593 curvavit
693 569 822 597 cornu,
839 568 1030 602 nervoque
1046 558 1224 602 sagittam

277 606 434 652 Inpulit,
453 610 491 640 et
507 605 682 639 meritam
698 603 852 648 trajecit
867 603 1079 638 harundine
1095 604 1280 649 linguam.
1419 605 1488 641 325

278 653 428 697 Lingua
444 656 558 691 tacet,
571 662 642 685 nec
657 661 730 685 vox
747 654 1010 695 temptataque
1027 650 1142 684 verba
1160 656 1395 696 sequuntur;

277 700 562 743 Conantemque
578 697 680 742 loqui
695 708 783 731 cum
800 696 986 740 sanguine
1003 697 1082 731 vita
1097 697 1261 742 reliquit.

277 746 401 790 Quam
418 746 532 780 miser
548 743 770 788 amplexans
787 755 857 788 ego
875 749 959 777 tum
975 748 1188 789 patruoque
1205 744 1373 779 dolorem

278 793 403 828 Corde
418 792 501 833 tuli,
518 791 704 835 fratrique
719 790 782 834 pio
800 789 937 824 solacia
953 790 1039 823 misi
1054 805 1062 831 ;

278 839 382 884 Quae
398 843 504 884 pater
520 837 623 871 haud
639 837 762 877 aliter,
777 848 892 882 quam
909 843 1037 870 cautes
1054 847 1251 871 murmura
1265 837 1374 881 ponti
1420 837 1490 873 330

276 886 441 931 Accipit,
459 889 498 919 et
514 890 643 919 natam
661 883 942 917 delamentatur
958 882 1198 928 ademptam:

277 933 332 968 Ut
348 943 437 967 vero
453 931 650 966 ardentem
667 930 776 969 vidit,
793 932 927 975 quater
943 929 1109 974 impetus
1126 929 1183 963 illi

278 979 326 1013 In
343 979 485 1013 medios
505 978 577 1011 fuit
594 977 648 1011 ire
664 988 778 1020 rogos
793 990 801 1018 ;
828 980 963 1020 quater
978 976 1067 1010 inde
1084 977 1264 1021 repulsus

278 1025 440 1061 Concita
455 1024 623 1058 membra
639 1023 754 1068 fugae
769 1023 936 1062 mandat,
954 1023 1166 1068 similisque
1181 1023 1346 1066 juvenco

281 1072 436 1117 Spicula
453 1071 678 1105 crabronum
695 1081 826 1115 pressa
842 1069 986 1104 cervice
1003 1069 1162 1113 gerenti,
1421 1069 1490 1104 335

279 1119 361 1163 Qua
377 1119 439 1153 via
454 1118 571 1158 nulla,
587 1116 677 1151 ruit.
724 1115 803 1162 jam
820 1120 903 1150 tum
921 1115 1015 1149 mihi
1031 1127 1182 1150 currere
1199 1116 1304 1151 visus

278 1166 370 1200 Plus
386 1164 538 1200 homine
555 1171 624 1203 est,
641 1163 797 1208 alasque
813 1162 927 1208 pedes
945 1162 1155 1207 sumpsisse
1170 1166 1340 1208 putares.

278 1212 425 1256 Effugit
441 1222 531 1255 ergo
547 1221 690 1251 omnes,
706 1209 888 1254 veloxque
905 1209 1081 1254 cupidine
1096 1209 1165 1244 leti

276 1259 432 1294 Vertice
449 1258 608 1292 Parnasi
625 1257 780 1302 potitur.
806 1256 1008 1290 miseratus
1026 1255 1175 1300 Apollo,

280 1307 376 1342 Cum
395 1317 436 1340 se
453 1304 657 1340 Daedalion
677 1315 766 1338 saxo
783 1302 952 1337 misisset
968 1302 1015 1336 ab
1032 1302 1119 1342 alto,
1423 1301 1492 1337 340

279 1352 386 1387 Fecit
401 1363 511 1386 avem
528 1355 567 1385 et
584 1350 722 1384 subitis
738 1349 968 1395 pendentem
986 1348 1144 1383 sustulit
1162 1348 1242 1389 alis,

277 1399 427 1444 Oraque
442 1398 592 1432 adunca
607 1397 723 1435 dedit,
743 1407 878 1430 curvos
896 1395 1001 1429 dedit
1019 1395 1212 1440 unguibus
1230 1395 1372 1437 hamos,

277 1446 474 1481 Virtutem
489 1445 697 1489 antiquam,
712 1442 876 1488 majores
893 1454 1047 1486 corpore
1063 1443 1175 1476 vires.

279 1493 330 1527 Et
347 1503 448 1526 nunc
464 1491 656 1536 accipiter,
672 1489 767 1524 nulli
785 1489 879 1524 satis
897 1500 1051 1534 aequus,
1068 1488 1109 1522 in
1127 1499 1258 1523 omnes

281 1539 408 1574 Saevit
425 1550 524 1577 aves,
542 1538 701 1581 aliisque
717 1536 848 1570 dolens
866 1535 910 1570 fit
927 1547 1041 1570 causa
1057 1534 1243 1570 dolendi.''
1422 1534 1491 1570 345

325 1585 428 1629 Quae
445 1584 536 1619 dum
554 1583 730 1618 Lucifero
747 1583 902 1627 genitus
920 1582 1100 1616 miracula
1116 1586 1247 1617 narrat

278 1632 334 1666 De
351 1641 524 1667 consorte
542 1642 621 1670 suo,
639 1641 752 1664 cursu
768 1629 932 1663 festinus
949 1628 1083 1663 anhelo

278 1679 443 1713 Advolat
460 1677 623 1712 armenti
641 1681 771 1711 custos
789 1675 960 1710 Phoceus
977 1675 1133 1715 Anetor‚

279 1725 332 1760 Et
349 1729 368 1741 “
385 1725 509 1761 Peleu.
527 1724 663 1758 Peleu!
690 1734 848 1766 magnae
867 1722 936 1756 tibi
954 1722 1114 1755 nuntius
1131 1721 1268 1755 adsum

278 1772 406 1807 Cladis
420 1771 438 1784 '¹'
457 1772 521 1806 ait.
569 1770 832 1815 quodcumque
850 1769 956 1807 ferat,
973 1767 1083 1812 jubet
1099 1768 1208 1802 edere
1227 1767 1374 1803 Peleus.
1422 1767 1491 1802 350

279 1819 421 1853 Pendet
440 1825 477 1852 ct
495 1818 576 1862 ipse
592 1823 697 1851 metu
713 1815 855 1861 trepidi
873 1815 1096 1849 Trachinius
1114 1815 1199 1849 oris.

279 1865 349 1900 Ille
366 1866 481 1899 refert
497 1880 503 1898 ε
531 1868 550 1880 ⁸·
567 1864 686 1898 fessos
704 1863 752 1897 ad
769 1863 880 1896 litora
897 1873 1012 1896 curva
1028 1861 1209 1906 juveni-m>

278 1912 523 1957 Appuleium,
541 1910 663 1944 medio
679 1921 764 1944 cum
785 1909 849 1943 Sol
865 1909 1074 1943 altissimus
1092 1908 1180 1942 orbi⁴

275 1958 443 1992 Tantum
459 1957 675 2002 respiceret,
693 1960 879 2001 quantum
897 1967 1094 2000 superesse
1112 1955 1279 1996 vidore&

280 2005 446 2049 Parsque
465 2004 577 2038 bourn
597 2003 711 2037 fulvis
732 2014 857 2047 genua
876 2002 1074 2036 inclinarat
1092 2001 1256 2041 harenis,
1421 2000 1489 2035 355

280 2051 534 2095 Latin-umque
551 2050 680 2095 jacens
697 2061 848 2092 campos
867 2049 1062 2094 spectabat
1078 2059 1272 2093 aquarum,

280 2099 370 2132 Pars
388 2097 570 2143 gradibus
589 2097 708 2131 tardis
728 2096 817 2129 illuc
835 2095 983 2130 errabat
1000 2102 1038 2129 et
1055 2095 1154 2133 illuc,

278 2145 381 2179 Nant
398 2145 472 2185 alii,
489 2144 662 2188 celsoque
681 2143 825 2176 instant
844 2153 958 2186 super
974 2153 1134 2186 aequora
1151 2140 1257 2174 collo.

276 2192 432 2236 Templa
450 2191 542 2224 uniri
561 2193 724 2223 subsunt
741 2201 808 2223 noc
826 2200 1010 2222 marmore
1027 2188 1128 2221 clara
1145 2200 1211 2221 ιιι-1·
1228 2198 1332 2227 auro,

279 2239 353 2272 Sed
372 2238 541 2272 trabibus
560 2237 687 2271 densis
706 2236 864 2281 lucoque
883 2235 1061 2268 umbrosa
1079 2242 1251 2268 vetusto:
1422 2233 1492 2268 360

278 2285 458 2319 Νι-Γοϊάοει
477 2283 698 2328 Nereusque
715 2287 866 2321 tencnt3
895 2282 961 2315 lios
981 2282 1109 2315 navita
1127 2281 1235 2325 ponti

281 2331 408 2366 Edidit
426 2343 508 2366 csse
526 2331 627 2371 deos,
646 2330 736 2364 dum
756 2330 852 2363 retia
870 2329 978 2363 litore
997 2328 1126 2362 siccut.
