1664 2624
562 193 890 221 METAMORPHOSES
918 194 970 221 xi.
1368 184 1417 221 13

213 282 519 328 Tendentemque
536 295 669 318 manus
686 288 801 329 atque
817 284 880 319 illo
897 288 1065 329 tempore
1080 284 1245 329 primum

214 329 331 364 Irrita
347 330 535 364 dicentem
553 341 620 364 nec
637 331 839 375 quicquam
855 342 945 366 voce
962 336 1173 365 moventem
1372 331 1419 366 40

216 375 429 421 Sacrilegae
445 377 647 421 perimunt.
671 388 812 422 perque
827 388 880 417 os,
897 389 964 421 pro
981 376 1181 422 Juppiter!
1207 377 1300 412 illud

215 422 399 457 Auditum
418 423 518 457 saxis
535 423 846 475 intellectumque
862 423 1026 458 ferarum

215 468 423 503 Sensibus·
413 481 452 503 1n
468 473 603 504 ventos
620 481 745 504 amma
761 470 933 504 exhalata
949 469 1116 504 recessit.

212 515 266 549 Te
282 519 447 550 maestae
462 515 645 555 volucres,
664 514 830 568 Orpheu,
848 521 887 550 te
904 515 1017 550 turba
1034 516 1208 558 ferarum,

213 561 266 595 Te
281 561 395 605 rigidi
413 561 548 602 silices,
566 568 604 596 te
620 563 786 596 carmina
803 573 912 607 saepe
929 568 1078 597 secutae
1372 560 1419 597 45

214 607 420 642 Fleverunt
438 608 554 642 silvae
569 623 576 641 :
603 609 735 652 positis
752 614 789 643 te
806 608 1000 643 frondibus
1016 608 1127 643 arbos

212 653 337 688 Tonsa
353 665 496 689 comam
514 654 622 688 luxit.
658 655 822 689 lacrimis
839 666 989 700 quoque
1005 655 1160 689 flumina
1176 654 1308 690 dicunt

213 700 428 735 Increvisse
446 701 548 735 suis:
574 701 821 746 obstrusaque
838 701 991 736 carbasa
1007 701 1112 746 pullo

212 746 355 781 Naides
371 751 409 782 et
426 747 585 791 dryades
602 759 808 792 passosque
823 747 985 782 habuere
1001 748 1165 792 capillos.

213 792 384 827 Membra
398 792 526 838 jacent
544 793 693 828 diversa
707 794 810 828 locis.
834 799 960 838 caput,
978 793 1116 835 Hebre,
1132 794 1328 840 lyramque
1374 793 1420 828 50

214 839 388 883 Excipis:
414 841 640 875 eta—mirum
653 840 832 875 l—medio
849 840 939 874 dum
956 840 1096 875 labitur
1113 851 1233 881 amne,

214 885 360 921 Flebile
375 886 501 920 nescio
517 886 609 939 quid
625 887 796 932 queritur
811 887 903 931 lyra,
921 887 1043 921 flebile
1059 887 1190 931 lingua

213 931 429 967 Murmurat
446 933 638 973 exanimis,
653 933 881 978 respondent
898 933 1022 967 flebile
1040 933 1152 978 ripae.

213 978 375 1024 Jamque
391 990 493 1013 mare
509 979 681 1014 invectae
697 980 838 1013 flumen
855 980 1034 1024 populare
1049 979 1280 1024 relinquunt,

212 1024 264 1060 Et
280 1025 569 1078 Methymnaeae
585 1026 798 1078 potiuntur·
801 1026 913 1060 litore
929 1025 1051 1060 Lesbi.
1374 1023 1420 1060 55

213 1071 287 1106 Hic
304 1072 405 1106 ferus
422 1072 637 1116 expositum
653 1072 862 1117 peregrinis
877 1072 1013 1115 anguis
1029 1072 1179 1107 harenis

215 1117 267 1152 Os
284 1119 380 1163 petit
396 1124 434 1153 et
452 1130 602 1163 sparsos
619 1119 780 1153 stillanti
797 1130 879 1153 rore
895 1118 1059 1164 capillos.

213 1163 379 1199 Tandem
396 1165 571 1199 Phoebus
587 1165 709 1206 adest,
726 1176 950 1217 morsusque
965 1164 1105 1199 inferre
1120 1168 1315 1209 parantem

213 1210 341 1251 Arcet,
357 1215 395 1246 et
411 1212 449 1246 in
466 1211 632 1257 lapidem
648 1212 766 1246 rictus
784 1211 969 1257 serpentis
985 1215 1135 1256 apertos

215 1257 399 1302 Congelat
415 1262 454 1293 et
470 1257 632 1303 patulos,
650 1264 693 1293 ut
710 1265 828 1298 erant,
845 1258 997 1292 indurat
1013 1257 1151 1292 hiatus.
1373 1256 1421 1292 60

214 1304 361 1339 Umbra
377 1304 481 1339 subit
499 1310 631 1345 terras,
649 1310 686 1339 et
703 1316 797 1349 quae
813 1304 895 1339 loca
911 1304 1058 1338 viderat
1074 1311 1171 1344 ante,

214 1350 362 1385 Cuncta
377 1351 634 1396 recognoscit:
660 1362 918 1396 quaerensque
942 1362 1011 1395 per
1026 1362 1116 1385 arva
1132 1349 1281 1395 piorum

215 1396 368 1431 Invenit
386 1397 612 1450 Eurydicen,
616 1397 847 1450 cupidisque
863 1397 1106 1442 amplectitur
1121 1396 1233 1431 ulnis.

214 1442 287 1477 Hic
304 1443 414 1478 modo
430 1443 644 1489 conjunctis
662 1444 876 1488 spatiantur
891 1443 1065 1489 passibus
1083 1443 1202 1483 ambo,

213 1489 327 1524 Nunc
344 1491 629 1534 praecedentem
647 1491 831 1542 sequitur,
846 1501 948 1524 nunc
963 1489 1139 1543 praevius
1157 1489 1288 1530 anteit,
1372 1487 1419 1524 65

215 1535 504 1582 Eurydicenque
521 1548 629 1571 suam
645 1535 723 1582 jam
739 1542 825 1572 tuto
840 1537 994 1581 respicit
1012 1535 1195 1581 Orpheus.

259 1582 347 1617 Non
364 1583 505 1628 inpune
522 1588 651 1618 tamen
669 1583 790 1618 scelus
807 1583 876 1618 hoc
890 1583 982 1617 sinit
999 1594 1081 1617 esse
1098 1582 1267 1627 Lyaeus:

213 1629 440 1674 Amissoque
458 1629 586 1664 dolens
605 1641 797 1664 sacrorum
815 1635 902 1664 vate
919 1640 1083 1669 suorum,

214 1675 394 1711 Protinus
412 1677 451 1710 in
469 1675 573 1710 silvis
591 1682 731 1711 matres
749 1676 940 1711 Edonidas
957 1686 1096 1715 omnes,

214 1721 316 1765 Quae
332 1722 457 1756 videre
474 1722 593 1762 nefas,
612 1727 714 1757 torta
730 1722 856 1757 radice
872 1722 1020 1768 ligavit.
1373 1718 1418 1755 70

214 1768 358 1813 Quippe
375 1769 511 1814 pedum
530 1769 682 1814 digitos,
700 1769 739 1802 in
756 1773 941 1814 quantum
958 1779 1127 1813 quaeque
1143 1774 1273 1802 secuta
1289 1770 1358 1806 est,

213 1815 356 1854 Traxit,
374 1820 411 1850 et
428 1814 466 1849 in
485 1815 641 1849 solidam
660 1816 824 1849 detrusit
842 1814 1015 1850 acumine
1033 1823 1184 1848 terram.

214 1861 342 1906 thue
359 1872 469 1895 suum
490 1862 643 1907 laquei&
661 1873 755 1907 quos
773 1861 932 1896 callidus
949 1860 1097 1895 abdidit
1114 1871 1263 1904 auceps,

214 1907 312 1942 Crus
329 1907 394 1941 ubi
411 1908 599 1942 commisit
615 1908 792 1947 volucris,
809 1908 1001 1952 sensitque
1018 1907 1149 1945 teneri,

214 1954 426 1999 Plangitur,
443 1965 486 1988 ac
503 1955 698 1999 trepidans
715 1954 896 1999 astringit
913 1953 1065 1988 vincula
1081 1958 1208 1993 motu3
1372 1950 1419 1988 75

216 2000 288 2040 Sic,
306 2005 350 2034 ut
368 2011 537 2045 quaeque
556 2001 633 2035 solo
651 2000 772 2035 defixa
788 2000 1005 2035 cohaeserat
1024 2000 1170 2039 harum,

215 2047 443 2081 Exsternata
460 2047 588 2091 fugam
608 2048 752 2081 frustra
768 2047 981 2092 temptabat
996 2062 1002 2080 :
1029 2051 1068 2080 at
1084 2045 1187 2080 illam

215 2093 333 2127 Lenta
351 2099 455 2128 tenet
473 2094 590 2134 radix,
609 2094 936 2138 exsultantemque
952 2097 1109 2127 coercet.

213 2139 388 2184 Dumque
405 2139 469 2174 ubi
488 2141 563 2173 sint
580 2140 703 2183 digiti,
721 2140 811 2174 dum
830 2150 894 2184 pes
912 2139 986 2180 ubi,
1004 2138 1161 2184 quaerit.
1179 2141 1216 2172 et
1234 2147 1394 2183 ungues,

211 2185 388 2231 Aspicit
380 2197 417 2219 1n
437 2191 575 2220 teretes
594 2187 739 2230 lignum
758 2185 956 2220 succedere
974 2195 1092 2219 suras.
1371 2184 1420 2218 80

214 2232 265 2267 Et
283 2237 417 2266 conata
435 2232 559 2266 femur
575 2233 756 2266 maerenti
774 2232 954 2277 plangere
972 2231 1114 2271 dextra,

214 2278 362 2313 Robora
378 2279 578 2322 percussit
613 2285 746 2324 pectus
761 2289 908 2323 quoque
925 2277 1058 2312 robora
1075 2276 1195 2312 fiunt:

213 2325 359 2360 Robora
377 2330 467 2359 sunt
486 2325 629 2360 umeri:
655 2324 787 2371 longos
804 2335 953 2370 quoque
969 2323 1143 2358 bracchia
1159 2333 1270 2358 veros
