1664 2624
529 190 860 218 METAMORPHOSES
888 191 939 217 xi.
1339 182 1386 220 19

177 282 202 317 J
204 285 317 317 uncta
333 282 442 327 palus
459 282 545 316 huic
563 287 632 322 est,
650 281 780 316 densis
797 281 950 316 obsessa
967 282 1122 322 salietis,

178 328 301 372 Quam
317 329 578 372 restagnantis
595 327 686 362 fecit
703 328 816 362 maris
834 328 935 362 unda
951 329 1138 373 paludem.

177 375 274 410 Inde
291 375 439 420 fragore
455 375 563 419 gravi
580 374 765 419 strepitus
782 375 862 409 loca
878 375 1048 419 proxima
1063 379 1206 418 terret3
1319 376 1386 412 365

177 421 295 456 Belua
311 428 430 461 vasta,
448 421 560 466 lupus
577 422 771 466 mucisque
788 421 1021 465 palustribus
1039 422 1117 456 exit
1359 428 1361 431 '

176 467 332 502 Oblitus
349 474 387 502 et
405 469 562 512 spumis,
580 479 781 512 exspersus
800 468 985 513 sanguine
1002 468 1121 503 rictus

177 514 409 554 Fulmineos,
426 514 541 548 rubra
558 513 726 548 suffusus
744 514 888 547 lumina
903 513 1064 548 flamma.

178 560 252 604 Qui
267 572 497 606 quamquam
515 561 634 595 saevit
652 561 791 605 pariter
807 560 985 606 rabieque
1002 560 1188 607 fameque,

176 607 313 641 Acrior
328 613 387 641 est
404 607 518 641 rabie.
565 618 686 652 neque
704 607 805 641 enim
821 606 969 651 jejunia
985 615 1092 641 curat
1315 609 1384 645 370

176 653 300 688 Caede
316 653 430 688 boum
447 653 643 698 diramque
659 652 798 687 famem
816 654 933 694 finire,
952 653 1017 688 sed
1033 665 1144 689 omne

175 700 365 734 Vulnerat
380 707 607 740 armentum,
625 700 836 744 sternitque
853 699 1042 734 hostiliter
1056 712 1177 736 omne.

175 746 270 781 Pars
287 757 437 792 quoque
454 746 501 781 de
517 746 624 781 nobis
642 745 796 780 funesto
813 747 940 781 saucia
956 758 1095 787 morsu,

175 792 279 827 Dum
295 793 544 832 defensamus,
561 794 636 827 leto
653 797 711 827 est
728 792 828 827 data.
875 793 1061 837 sanguine
1076 793 1169 828 litus

175 839 364 885 Undaque
379 839 501 884 prima
517 839 628 873 rubet
645 839 933 884 demugitaeque
949 840 1118 884 paludes.
1316 841 1384 876 375

176 885 251 920 Sed
268 897 373 920 mora
388 886 571 920 damnosa
586 889 656 927 est,
672 897 742 920 nec
757 897 818 920 res
835 886 1010 920 dubitare
1026 886 1200 922 remittit.

174 932 277 966 Dum
295 936 470 977 superest
485 932 639 977 aliquid,
657 932 784 967 cuncti
801 943 981 971 coeamus,
1000 937 1039 966 et
1056 945 1172 975 arma,

173 978 294 1013 Arma
310 990 561 1024 capessamus,
580 977 856 1024 conjunctaque
873 979 947 1014 tela
963 978 1167 1014 feramus.”

173 1025 331 1060 Dixerat
346 1026 523 1070 agrestis.
569 1037 638 1059 nec
655 1025 766 1059 Pelea
783 1025 918 1059 damna
935 1025 1139 1061 movebant
1150 1041 1161 1063 a

176 1071 262 1112 Sed,
279 1083 424 1107 memor
438 1072 607 1113 admissi,
623 1071 788 1106 Nereida
804 1071 951 1116 colligit
968 1072 1099 1107 orbam
1317 1073 1384 1109 380

172 1118 321 1153 Damna
337 1130 407 1153 sua
423 1119 578 1153 inferias
595 1118 763 1153 extincto
778 1119 930 1153 mittere
946 1118 1083 1154 Phoco.

171 1164 339 1200 Induere
355 1176 460 1199 arma
476 1165 576 1200 viros
593 1165 833 1209 violentaque
850 1176 999 1199 sumere
1015 1166 1092 1200 tela

170 1211 252 1247 Rex
268 1211 378 1257 jubet
397 1211 581 1254 Oetaeus;
608 1223 695 1246 cum
712 1212 797 1256 quis
815 1211 929 1245 simul
945 1212 1026 1256 ipse
1042 1212 1201 1257 parabat

169 1257 244 1292 Ire.
292 1258 360 1293 sed
374 1258 545 1303 Alcyone
561 1258 727 1303 conjunx
743 1258 865 1292 excita
879 1259 1050 1293 tumultu

170 1304 338 1345 Prosilit,
355 1308 406 1345 et,
423 1305 590 1339 nondum
608 1310 711 1339 totos
729 1309 863 1339 ornata
877 1305 1044 1350 capiHos,
1315 1306 1384 1342 385

170 1350 309 1386 Disicit
325 1351 394 1386 hos
412 1351 526 1397 ipsos,
545 1351 715 1396 colloque
732 1351 860 1386 infusa
875 1352 1013 1392 mariti,

171 1397 343 1433 Praestet
360 1403 404 1433 ut
420 1398 601 1432 auxilium
619 1398 701 1432 sine
717 1409 768 1438 se,
785 1397 986 1443 verbisque
1001 1402 1178 1443 precatur

170 1443 222 1479 Et
235 1444 411 1485 lacrimis,
427 1445 649 1490 animasque
666 1444 760 1479 duas
779 1451 821 1478 ut
838 1450 964 1479 servet
981 1445 1022 1478 in
1039 1457 1125 1480 uua.

171 1490 357 1525 Aeacides
375 1491 449 1525 illi:
476 1493 497 1507 ‘⁵
511 1491 701 1536 pulchros,
718 1491 861 1535 regina,
880 1491 1036 1537 piosque

170 1536 273 1572 Pone
289 1541 427 1572 metus.
474 1538 585 1582 plena
600 1542 659 1572 est
677 1537 852 1582 promissi
869 1539 992 1583 gratia
1008 1539 1139 1573 vestri.
1315 1539 1385 1575 390

170 1583 259 1619 Non
275 1584 400 1629 placet
416 1595 522 1618 arma
538 1584 631 1618 mihi
647 1592 780 1618 contra
796 1596 893 1619 nova
905 1589 1076 1619 monstra
1092 1585 1257 1621 moveri:

169 1629 323 1664 Numen
339 1630 576 1665 adorandum
592 1631 716 1676 pelagi
734 1630 828 1665 est.’'
874 1635 956 1666 erat
970 1632 1091 1666 ardua
1107 1632 1228 1668 turris

168 1676 269 1711 Arce
283 1677 355 1711 loci
373 1689 531 1717 summa,
550 1677 658 1711 fessis
677 1678 740 1711 lux
757 1681 869 1721 grata
883 1678 1032 1712 carinis.

168 1723 397 1758 Ascendunt
413 1724 514 1764 illuc,
532 1728 746 1769 stratosque
762 1725 802 1758 in
820 1724 931 1759 litore
947 1728 1079 1760 tauros

170 1768 266 1804 Cum
283 1771 428 1814 gemitu
444 1770 647 1815 aspiciunt,
663 1775 967 1816 vastatoremque
983 1774 1144 1807 cruento
1315 1770 1382 1808 395

169 1815 245 1851 Ore
261 1815 396 1856 ferum,
413 1817 548 1862 longos
564 1816 749 1852 infectum
767 1818 953 1861 sanguine
970 1818 1092 1852 villos.

167 1861 266 1897 Inde
281 1874 416 1897 manus
433 1863 594 1898 tendens
612 1863 650 1898 in
668 1864 790 1908 aperti
807 1865 919 1899 litora
934 1865 1053 1910 ponti,

169 1908 389 1944 caeruleam
406 1909 543 1944 Peleus
562 1910 801 1952 Psamathen,
820 1915 865 1945 ut
882 1911 987 1946 finiat
1004 1912 1110 1953 iram,

168 1954 274 1996 Orat,
291 1967 476 2001 opemque
493 1955 602 1991 ferat.
650 1968 720 1991 nec
735 1956 891 1992 vocibus
907 1957 973 1992 illa
987 1959 1161 2003 rogantis

167 2001 356 2037 Flectitur
371 2003 578 2037 Aeacidae:
605 2003 735 2038 Thetis
754 2003 850 2038 hanc
868 2015 934 2048 pro
950 2004 1116 2051 conjuge
1132 2006 1291 2052 supplex
1314 2007 1382 2042 400

166 2048 328 2094 Accepit
345 2050 504 2084 veniam.
555 2049 619 2084 sed
637 2050 736 2083 enim
754 2057 951 2085 revocatus
969 2051 1009 2085 in
1026 2053 1103 2086 acri

166 2093 290 2130 Caede
307 2095 420 2141 lupus
438 2100 595 2140 perstat,
613 2096 811 2131 dulcedine
829 2098 1026 2140 sanguinis
1043 2110 1176 2144 asper;

166 2139 294 2176 Donec
311 2142 569 2177 inhaerentem
586 2142 730 2177 lacerae
746 2143 892 2178 cervice
907 2143 1092 2188 juvencae

164 2186 355 2223 Marmore
372 2190 548 2223 mutavit.
582 2200 719 2234 corpus
737 2196 960 2234 praeterque
974 2191 1136 2226 colorem

164 2233 302 2269 Omnia¹
319 2236 485 2269 servavit
501 2251 508 2269 :
535 2235 669 2280 lapidis
689 2236 790 2271 color
806 2236 960 2277 indicat,
979 2237 1089 2272 illum
1310 2241 1379 2276 405

165 2279 253 2315 Jam
269 2293 345 2316 non
363 2293 446 2316 esse
464 2282 610 2326 lupum,
626 2281 705 2327 J'am
723 2294 798 2317 non
817 2282 952 2318 debere
969 2284 1108 2319 timeri.

163 2325 243 2362 Nec
261 2330 389 2363 tamen
402 2328 471 2363 hac
488 2328 693 2374 profugum
709 2329 914 2364 consistere
932 2329 1043 2366 Pelea
1060 2337 1163 2367 terra
