1664 2624
193 171 247 209 24

255 459 267 495 ί

637 183 664 208 Μ
672 182 967 210 ETAMORPHOSES
994 184 1046 210 XI.

291 273 447 308 Somnia
463 272 511 308 ad
527 273 722 318 Alcyonen
740 285 850 308 veros
867 274 1062 308 narrantia
1077 273 1222 309 casus.’'

289 320 444 354 Dixerat
460 335 467 354 z
492 319 666 354 induitur
681 320 869 354 velamina
885 320 985 354 mille
1002 320 1171 355 colorum

289 367 373 407 Iris,
392 371 430 402 et
446 372 600 401 arcuato
617 366 761 401 caelum
779 367 997 401 curvamine
1014 367 1170 412 signans

287 413 402 447 Tecta
418 413 515 458 petit
531 412 629 458 jussi
647 413 716 446 sub
734 413 835 447 nube
851 413 1011 448 latentia
1028 414 1139 457 regis.

332 459 404 494 Est
419 470 537 505 prope
555 458 776 494 Cimmerios
792 460 906 502 longo
923 460 1103 504 spelunca
1117 471 1282 501 recessu,

290 506 401 540 Mons
419 517 546 545 cavus,
564 506 692 549 ignavi
711 506 845 540 domus
863 511 901 540 et
918 507 1129 550 penetralia
1147 506 1300 541 Somni:

289 552 372 597 Quo
388 564 595 598 numquam
613 552 729 587 radiis
747 553 870 586 oriens
889 552 1085 587 mediusve
1101 554 1288 588 cadensve

287 599 462 634 Phoebus
479 599 581 633 adire
598 604 735 643 potest..
772 598 930 633 nebulae
947 599 1109 643 caligine
1127 600 1266 634 mixtae

288 645 528 680 Exhalantur
542 645 659 680 humo
677 645 887 690 dubiaeque
905 646 1125 690 crepuscula
1141 646 1246 681 lucis.

288 691 376 727 Non
395 692 485 736 vigil
502 691 580 726 ales
598 692 650 726 ibi
668 692 817 727 cristati
834 692 1009 726 cantibus
1027 693 1103 726 oris

291 739 437 773 Evocat
454 738 654 779 Auroram,
671 749 738 772 nec
756 749 846 772 voce
863 738 1015 773 silentia
1029 744 1215 784 rumpunt

291 784 501 820 Sollicitive
517 796 629 819 canes
643 785 848 819 canibusve
865 786 1035 830 sagacior
1052 797 1174 820 anser.

284 831 373 866 Non
389 831 480 871 fera,
497 842 573 866 non
590 831 762 876 pecudes,
780 843 856 866 non
872 832 966 866 moti
983 831 1134 866 flamine
1151 833 1256 874 rami,

286 878 534 913 Humanaeve
552 889 688 912 sonum
704 877 870 912 reddunt
887 878 1055 913 convicia
1071 879 1234 923 linguae.

287 925 397 959 Muta
413 924 520 969 quies
537 924 697 958 habitat.
735 935 825 959 saxo
841 929 968 959 tamen
985 925 1064 959 exit
1080 925 1127 959 ab
1144 925 1220 960 imo

285 971 406 1006 Rivus
423 982 541 1016 aquae
557 970 709 1011 Lethes,
726 982 794 1016 per
810 982 923 1016 quem
939 983 1026 1006 cum
1043 983 1238 1008 murmure
1254 972 1386 1007 labens

290 1017 438 1053 Invitat
455 1028 607 1052 somnos
625 1017 899 1062 crepitantibus
918 1018 1020 1052 unda
1035 1018 1185 1063 lapillis.

287 1064 392 1099 Ante
409 1063 510 1098 fores
527 1064 629 1098 antri
647 1064 808 1098 fecunda
824 1076 1012 1110 papavera
1029 1064 1164 1099 florent

289 1111 593 1156 Innumeraeque
609 1110 758 1152 herbae,
776 1122 938 1155 quarum
955 1111 1002 1146 de
1018 1112 1114 1146 lacte
1131 1123 1303 1156 soporem

288 1156 374 1193 Nox
391 1157 486 1202 legit
504 1162 542 1192 et
559 1157 706 1202 spargit
722 1169 790 1202 per
806 1169 940 1202 opacas
958 1158 1086 1192 umida
1103 1166 1232 1194 terras.

289 1204 314 1239 J
315 1215 424 1244 anua,
442 1216 489 1238 ne
506 1215 616 1238 verso
634 1203 816 1239 stridores
835 1204 985 1239 cardine
1001 1204 1148 1246 reddat,

286 1250 404 1286 Nulla
419 1251 530 1285 domo
547 1255 628 1285 tota
642 1265 650 1291 ;
674 1259 804 1285 custos
821 1251 860 1284 in
877 1251 1008 1285 limine
1025 1251 1165 1285 nullus.

287 1297 341 1332 At
359 1297 483 1332 medio
500 1302 605 1331 torus
623 1301 681 1331 est
697 1297 815 1331 ebeno
833 1297 1008 1331 sublimis
1024 1298 1063 1331 in
1080 1303 1251 1338 antro,—

288 1344 481 1385 Plumeus,
498 1344 680 1384 unicolor,
697 1344 801 1389 pullo
818 1343 1003 1378 velamine
1019 1348 1143 1379 tectus
1157 1357 1165 1384 ;

290 1390 372 1434 Quo
389 1391 502 1425 cubat
520 1391 600 1433 ipse
618 1390 710 1424 deus
728 1391 909 1425 membris
927 1391 1109 1436 languore
1128 1390 1276 1426 solutis.

288 1437 404 1472 Hunc
421 1437 519 1471 circa
535 1436 678 1482 passim
694 1437 818 1472 varias
836 1437 1028 1472 imitantia
1044 1436 1184 1472 formas

291 1483 446 1518 Somnia
462 1495 559 1518 vana
574 1482 703 1527 jacent
720 1484 890 1523 totidem,
907 1488 1000 1529 quot
1018 1484 1150 1518 messis
1168 1484 1317 1526 aristas,

290 1529 397 1565 Silva
412 1531 513 1575 gerit
533 1530 695 1570 frondes,
713 1530 852 1575 ejectas
869 1530 962 1565 litus
979 1530 1152 1564 harenas.
1206 1532 1215 1570 )

289 1576 371 1620 Quo
389 1576 502 1610 simul
520 1577 690 1617 intravit,
707 1577 957 1622 manibusque
974 1577 1168 1612 obstantia
1184 1577 1294 1623 virgo

291 1622 446 1658 Somnia
463 1623 632 1664 dimovit,
650 1623 769 1658 vestis
787 1624 935 1668 fulgore
952 1623 1092 1657 reluxit

290 1669 404 1704 Sam-a
420 1669 554 1704 domus
569 1685 575 1703 :
602 1669 785 1715 tardaque
802 1670 894 1705 deus
913 1670 1101 1714 gravitate
1117 1669 1285 1714 jacentes

287 1716 363 1751 Vix
381 1717 508 1751 oculos
526 1716 672 1757 tollens,
690 1717 902 1762 iterumque
921 1717 1133 1762 iterumque
1151 1717 1323 1751 relabens

291 1762 523 1808 Summaque
540 1763 757 1808 percutiens
779 1764 929 1797 nutanti
948 1768 1099 1807 pectora
1117 1770 1255 1803 mento,

290 1809 468 1844 Excussit
486 1809 642 1843 tandem
662 1810 732 1844 sibi
753 1821 802 1849 se,
824 1809 1026 1855 cubitoque
1045 1810 1204 1849 levatus,

290 1855 389 1900 Quid
406 1856 770 1900 veniat‚—cognovit
787 1857 1110 1891 enim—scitatur.
1146 1864 1186 1891 at
1202 1855 1291 1890 illa:

288 1906 308 1920 ‘⁶
326 1902 475 1942 Somne,
494 1903 600 1948 quies
618 1915 758 1944 rerum,
776 1903 1038 1947 placidissime,
1059 1902 1209 1939 Somne.
1227 1903 1396 1944 deorum,

288 1949 365 1984 Pax
381 1949 510 1989 animi,
528 1960 639 1994 quem
658 1961 748 1984 cura
766 1949 878 1993 fugit,
897 1949 961 1994 qui
979 1961 1134 1995 corpora
1152 1949 1258 1984 duris

290 1995 406 2030 Fessa
423 1996 644 2030 ministeriis
662 1996 805 2030 mulces
824 2007 1049 2041 reparasque
1068 1996 1184 2030 labori
1199 1996 1206 2029 !

290 2042 453 2082 Somnia,
471 2053 565 2087 quae
583 2054 690 2077 veras
707 2050 869 2088 aequent
888 2043 1099 2077 imitamine
1116 2042 1267 2084 formas,

288 2089 476 2123 Herculea
492 2088 678 2123 Trachine
694 2089 784 2133 jube
803 2089 873 2123 sul)
891 2089 1056 2133 imagine
1073 2089 1174 2133 regis

287 2135 482 2179 Alcyonen
501 2135 651 2175 adeant,
671 2136 945 2180 simulacraque
963 2134 1149 2180 naufraga
1168 2135 1327 2177 fingant.

290 2181 455 2226 Imperat
475 2181 542 2215 1100
558 2181 693 2216 Jun0.'⁷
742 2187 944 2227 postquam
962 2181 1140 2216 mandata
1158 2182 1314 2226 peregit,

289 2228 360 2262 Iris
379 2227 458 2262 abit
474 2243 479 2261 :
507 2239 628 2273 neque
647 2229 745 2262 enim
766 2229 926 2262 ulterius
945 2229 1103 2263 tolerare
1122 2230 1270 2273 vaporis

287 2273 375 2308 Vim
393 2280 554 2320 poterat.
577 2275 722 2320 labique
742 2284 779 2308 ut
801 2287 975 2309 somnum
995 2275 1116 2309 sensit
1134 2274 1171 2308 in
1190 2285 1308 2314 artus,

287 2320 449 2365 Effugit,
468 2328 505 2356 et
522 2331 662 2355 remeat
681 2333 746 2366 per
763 2333 857 2367 quos
877 2321 987 2356 modo
1005 2327 1159 2356 venerat
1176 2333 1296 2356 arcus.

1433 598 1503 634 595

1434 831 1504 867 600

1435 1064 1504 1101 605

1434 1297 1503 1333 610

1436 1529 1506 1566 615

1434 1762 1503 1798 620

1433 1995 1502 2031 625

1433 2227 1502 2263 630
