1664 2624
532 201 863 229 METAMORPHOSES
890 202 940 228 x1.
1335 190 1386 227 17

172 297 348 336 Nomine,
366 308 478 341 quam
497 297 617 331 soceri
632 310 640 336 ;
668 296 856 341 siquidem
874 295 981 329 Jovis
1000 305 1083 329 esse
1101 293 1229 339 nepoti

172 343 344 389 Contigit
363 343 463 378 haud
480 343 558 384 uni,
576 342 742 387 conjunx
761 342 830 376 dea
848 341 1010 386 contigit
1029 339 1104 374 uni.
1319 339 1387 374 220

355 455 378 478 ³1²
539 455 561 477 Ξ*
723 454 745 476 ²1²
908 453 930 475 *Ε
1087 451 1111 474 ²1³

221 551 326 586 Felix
344 554 381 586 et
397 554 501 592 nato,
519 550 608 585 felix
626 554 664 584 et
681 548 843 594 conjuge
861 548 1005 587 Peleus,
1320 547 1389 582 266

174 597 226 633 Et
242 597 313 639 cui,
333 598 363 631 si
382 597 511 632 demas
529 596 694 642 jugulati
712 597 870 630 crimina
888 595 1012 634 Phoci,

176 644 312 679 Omnia
329 644 580 689 contigerant.
629 644 796 677 fraterno
814 641 998 684 sanguine
1017 644 1165 676 sontem

175 691 463 736 Expulsumque
480 690 591 724 domo
607 690 730 735 patria
746 688 945 722 Trachinia
961 687 1075 722 tellus

174 737 336 782 Accipit.
386 737 446 770 hic
464 748 624 781 regnum
643 736 725 770 sine
741 735 789 775 vi,
808 735 889 769 sine
905 735 1016 769 caede
1033 734 1189 777 regebat
1322 733 1390 768 270

175 783 351 818 Lucifero
367 783 538 827 genitore
555 787 674 823 satus,
692 782 933 827 patriumque
949 781 1111 815 nitorem

177 829 253 865 Ore
270 830 393 865 ferens
413 830 526 874 Ceyx.
575 829 638 864 illo
655 828 721 873 qui
737 834 906 872 tempore
923 836 1090 861 maestus

179 876 463 921 Dissimilisque
482 876 542 910 sui
559 875 714 910 fratrem
734 875 890 918 lugebat
909 873 1141 918 ademptum.

180 922 262 966 Quo
280 927 483 967 postquam
501 921 684 956 Aeacides
702 921 828 955 fessus
846 931 1010 965 curaque
1025 920 1158 965 viaque

176 969 307 1009 Venit,
325 977 363 1003 et
379 969 538 1003 intravit
556 968 686 1014 paucis
703 967 973 1002 comitantibus
992 967 1134 1005 urbem,
1324 966 1392 1001 275

178 1015 357 1062 Quosque
373 1027 508 1060 greges
525 1026 714 1060 pecorum,
732 1025 827 1059 quae
846 1025 973 1047 secum
991 1017 1164 1047 armenta
1180 1012 1369 1053 trahebat,

177 1063 292 1098 Haud
310 1062 442 1107 procul
459 1074 481 1096 a
498 1062 616 1095 muris
635 1061 706 1095 sub
725 1072 841 1106 opaca
857 1059 953 1094 valle
970 1059 1136 1105 reliquit,

179 1108 297 1154 Copia
313 1120 399 1144 cum
417 1109 518 1143 facta
534 1112 592 1143 est
608 1108 773 1142 adeundi
789 1107 910 1152 prima
927 1106 1092 1150 tyranni,

179 1155 405 1190 Velamenta
421 1166 536 1189 manu
554 1154 804 1199 praetendens
823 1153 1003 1198 supplice,
1022 1153 1087 1198 qui
1105 1152 1167 1192 sit,

180 1201 338 1247 Quoque
356 1207 471 1242 satus,
489 1206 683 1235 memorat.
733 1205 885 1234 tantum
904 1211 973 1233 sua
989 1199 1149 1233 crimina
1166 1200 1274 1239 celat,
1323 1196 1393 1232 280

178 1249 443 1293 Mentiturque
458 1247 573 1292 fugae
590 1258 738 1282 causam
757 1261 764 1287 ;
790 1246 899 1291 petit,
920 1245 1011 1279 urbe
1029 1245 1088 1280 vel
1105 1257 1196 1290 agro

181 1295 230 1330 Se
246 1294 368 1340 juvet.
416 1295 517 1329 hunc
533 1299 664 1329 contra
680 1293 826 1338 placido
843 1292 1067 1327 Trachinius
1085 1303 1148 1326 ore

179 1342 335 1376 Talibus
352 1341 580 1386 alloquitur:
608 1343 628 1357 “
643 1339 788 1374 mediae
805 1351 955 1384 quoque
972 1339 1169 1373 commoda
1186 1337 1284 1383 plebi

179 1387 322 1422 Nostra
338 1393 482 1433 patent,
501 1387 626 1427 Peleu,
643 1398 712 1421 nec
729 1386 921 1431 inhospita
938 1397 1054 1429 regna
1071 1391 1254 1420 tenemus.

179 1434 314 1469 Adicis
331 1434 420 1468 huic
436 1434 561 1468 animo
579 1438 769 1467 momenta
786 1432 967 1478 potentia,
985 1432 1128 1466 clarum
1326 1431 1394 1466 285

179 1481 325 1515 Nomen
342 1492 531 1525 avumque
548 1480 692 1514 Jovem.
743 1491 789 1513 ne
807 1486 977 1523 tempora
994 1477 1109 1523 perde
1126 1478 1317 1523 precando
1337 1494 1344 1512 ι

181 1527 289 1571 Quod
306 1528 418 1571 petis,
437 1538 547 1562 omne
565 1526 673 1561 feres.
722 1530 864 1571 tuaque
881 1525 972 1559 haec
990 1536 1058 1570 pro
1074 1530 1184 1570 parte
1201 1531 1346 1567 vocato,

181 1573 478 1619 Qualiacumque
494 1573 610 1607 vides.
659 1572 806 1607 utinam
825 1572 978 1606 meliora
995 1571 1163 1606 videres!
1177 1570 1197 1585 '’

180 1621 231 1655 Et
248 1620 374 1655 flebat.
423 1625 572 1654 moveat
589 1624 717 1655 tantos
735 1630 831 1664 quae
848 1629 963 1653 causa
979 1618 1137 1658 dolores,

179 1667 391 1712 Peleusque
408 1666 640 1711 comitesque
657 1671 805 1711 rogant.
853 1665 989 1710 quibus
1006 1664 1070 1699 ille
1088 1663 1283 1708 profatur:
1325 1665 1396 1699 290

179 1716 200 1731 “
216 1713 392 1748 Forsitan
411 1713 506 1747 hanc
524 1713 727 1752 volucrem,
747 1715 858 1756 rapto
874 1722 970 1756 quae
986 1711 1082 1745 vivit
1101 1715 1138 1746 et
1154 1721 1284 1746 omnes

179 1759 311 1794 Terret
327 1771 428 1800 aveS,
447 1770 596 1804 semper
613 1770 756 1804 pennas
776 1757 955 1793 habuisse
972 1757 1129 1802 putetis.

180 1807 252 1840 Vir
269 1806 352 1842 fuit.
401 1811 439 1841 et
456 1811 562 1840 tanta
579 1811 638 1840 est
656 1805 772 1839 animi
791 1805 1016 1840 constantia.
1035 1808 1222 1849 quantum

180 1853 315 1888 Frater
332 1858 413 1887 erat
430 1852 601 1898 belloque
619 1851 723 1886 ferox
741 1851 789 1886 ad
806 1851 959 1896 vimque
977 1859 1148 1896 paratus,

179 1898 344 1934 Nomine
361 1899 578 1939 Daedalion,
596 1898 660 1933 illo
676 1898 848 1942 genitore
863 1902 1025 1937 creatus,
1328 1895 1396 1931 295

179 1945 252 1989 Qui
269 1950 378 1980 vocat
395 1957 568 1980 auroram
585 1944 762 1989 caeloque
779 1943 1009 1979 novissimus
1029 1943 1116 1978 exit.
1167 1946 1171 1948 ’

180 1992 295 2027 Culta
311 1992 406 2026 mihi
424 2003 496 2037 pax
513 1996 584 2031 est,
603 1991 705 2036 pacis
723 1990 819 2025 mihi
835 2002 926 2025 cura
943 1990 1126 2024 tenendae

179 2037 433 2084 Conjugiique
451 2037 525 2073 fuit
541 2053 548 2072 ε
573 2037 682 2072 fratri
699 2037 779 2071 fera
794 2036 893 2071 bella
909 2036 1117 2081 placebant.

178 2084 288 2119 Illius
306 2085 428 2119 virtus
447 2096 556 2129 reges
575 2090 786 2129 gentesque
805 2083 967 2127 subegit,

180 2130 284 2174 Quae
301 2142 401 2166 nunc
418 2130 624 2165 Thisbaeas
642 2131 764 2175 agitat
780 2138 928 2164 mutata
945 2128 1149 2164 columbas.
1327 2129 1397 2163 300

178 2177 282 2212 Nata
299 2181 379 2212 erat
397 2177 485 2212 huic
505 2177 659 2218 Chione,
678 2188 773 2222 quae
791 2176 1029 2210 dotatissima
1045 2177 1167 2210 forma

178 2224 284 2258 Mille
302 2235 435 2268 procos
454 2223 598 2264 habuit,
616 2223 674 2258 bis
694 2231 839 2268 septem
857 2223 997 2257 nubilis
1016 2223 1138 2256 annis.

361 2314 383 2337 ὓ
547 2315 570 2336 ἃ
733 2313 755 2334 ²1²
919 2314 940 2335 ᾗ
1103 2311 1126 2334 ²*

731 2389 749 2414 P.
