1664 2624
227 199 278 237 22

668 210 998 238 METAMORPHOSES
1025 211 1078 237 XI.

321 301 479 342 Pontus,
495 304 534 335 et
550 302 725 335 inductas
743 302 942 346 aspergine
958 306 1116 346 tangere
1132 304 1276 342 nubes;

320 348 373 383 Et
390 348 513 389 modo,
530 359 617 382 cum
634 347 759 382 fulvas
778 360 821 382 ex
838 348 914 382 imo
931 348 1049 383 verrit
1066 348 1237 389 harenas,

320 394 504 430 Concolor
519 398 578 429 est
593 394 680 433 illis,
699 393 835 438 Stygia
852 394 961 428 modo
977 395 1123 439 nigrior
1139 394 1242 428 unda
1257 410 1264 429 :

325 440 522 476 Sternitur
538 441 740 480 interdum,
759 441 978 486 spumisque
995 441 1217 475 sonantibus
1235 440 1347 475 albet.

322 487 414 532 Ipsa
431 499 579 533 quoque
595 487 654 521 his
672 488 798 531 agitur
815 488 964 521 vicibus
981 487 1179 522 Trachinia
1195 488 1335 533 puppis
1349 502 1357 521 ι

320 534 372 569 Et
387 545 491 568 nunc
507 533 682 568 sublimis
699 534 817 568 veluti
835 533 880 568 de
896 534 1036 568 vertice
1052 535 1192 568 montis

319 580 525 626 Despicere
541 580 582 614 in
599 580 718 614 valles
735 580 931 624 imumque
949 580 1168 615 Acheronta
1183 580 1337 615 videtur
1351 595 1358 614 :

318 627 357 662 N
359 639 444 667 unc,
462 627 527 661 ubi
543 626 746 661 demissam
762 638 919 661 curvum
938 627 1192 662 circumstetit
1208 639 1358 672 aequor,

321 673 523 719 Suspicere
538 673 687 708 inferno
704 685 896 708 summum
909 673 956 707 de
972 674 1126 719 gurgite
1142 673 1300 708 caelum.

324 720 444 766 Saepe
461 721 527 755 dat
542 720 736 765 ingentem
754 720 875 754 fluctu
890 720 994 754 latus
1011 720 1084 754 icta
1101 719 1302 764 fragorem,

319 766 402 802 Nec
417 767 539 801 levius
556 767 709 812 pulsata
726 771 846 807 sonat,
864 777 977 812 quam
994 766 1140 800 ferreus
1159 767 1248 800 olim

321 812 419 848 Cum
437 813 579 847 laceras
595 813 694 847 aries
710 813 913 848 ballistave
928 813 1098 848 concutit
1114 825 1230 848 arces.

322 860 453 905 thue
471 860 594 894 solent
611 859 776 904 sumptis
793 859 948 894 incursu
967 860 1112 893 viribus
1130 860 1185 893 ire

321 906 478 941 Pectore
493 906 534 940 in
549 918 653 940 arma
668 905 740 940 feri
757 910 1007 951 protentaque
1023 907 1100 941 tela
1116 906 1244 941 leones
1258 921 1268 941 ε

325 953 389 988 Sic
403 953 470 987 ubi
487 964 527 987 se
543 953 670 987 ventis
688 953 891 988 admiserat
907 953 1010 987 unda
1027 953 1176 988 coortis.

321 999 410 1034 Ibat
426 1000 467 1034 in
482 1011 588 1034 arma
603 1000 710 1039 ratis,
726 999 923 1045 multoque
940 1003 1021 1034 erat
1037 1000 1147 1034 altior
1163 999 1251 1033 illis.

320 1046 483 1092 Jamque
499 1046 628 1081 labant
645 1046 766 1086 cunei,
785 1047 1018 1091 spoliataque
1034 1046 1202 1091 tegmine
1219 1056 1325 1080 cerae

320 1093 433 1127 Rima
449 1097 566 1138 patet,
583 1093 813 1138 praebetque
829 1093 929 1127 viam
945 1093 1123 1127 letalibus
1142 1092 1265 1127 undis.

322 1140 420 1175 Ecce
437 1139 580 1174 cadunt
595 1139 692 1185 largi
709 1140 890 1175 resolutis
906 1139 1073 1174 nubibus
1090 1139 1240 1179 imbres,

321 1187 444 1231 Inque
458 1186 603 1221 fretum
618 1185 749 1221 credas
766 1191 892 1221 totum
908 1186 1133 1221 descendere
1150 1186 1307 1226 caelum,

322 1233 444 1279 Inque
461 1233 592 1278 plagas
609 1233 701 1267 caeli
717 1234 965 1268 tumefactum
981 1233 1184 1268 ascendere
1199 1237 1371 1277 pontum.

320 1280 418 1315 Vela
432 1279 588 1314 madent
605 1279 755 1319 nimbis,
772 1284 809 1314 et
827 1291 913 1314 cum
930 1279 1155 1315 caelestibus
1172 1279 1286 1314 undis

320 1327 541 1372 Aequoreae
558 1326 768 1361 miscentur
783 1337 912 1372 aquae.
949 1331 1051 1361 caret
1068 1326 1221 1371 ignibus
1238 1326 1381 1367 aether,

322 1373 517 1418 Caecaque
534 1383 608 1407 nox
625 1373 811 1418 premitur
826 1373 994 1408 tenebris
1012 1373 1223 1418 hiemisque
1240 1373 1407 1419 suisque.

321 1420 546 1455 Discutiunt
562 1423 693 1454 tamen
709 1419 777 1454 has
794 1419 1049 1465 praebentque
1066 1419 1245 1454 micantia
1261 1419 1390 1454 lumen

320 1467 516 1502 Fulmina:
540 1465 735 1500 fulmineis
752 1467 956 1501 ardescunt
972 1466 1125 1512 ignibus
1142 1466 1278 1501 undae.

320 1513 398 1549 Dat
412 1524 563 1559 quoque
578 1512 656 1559 jam
673 1512 794 1547 saltus
811 1513 912 1548 intra
928 1525 1019 1548 cava
1034 1517 1140 1547 texta
1157 1513 1304 1548 carinae

322 1561 482 1595 Fluctus
497 1575 506 1594 :
532 1563 570 1595 et
587 1563 631 1594 ut
647 1560 768 1596 miles.
786 1571 943 1595 numero
959 1560 1217 1605 praestantior
1232 1559 1347 1601 omni,

322 1607 420 1642 Cum
437 1618 548 1652 saepe
564 1606 722 1641 adsiluit
735 1606 910 1641 defensae
925 1606 1122 1641 moenibus
1140 1605 1256 1646 urbis,

325 1653 400 1699 Spe
418 1654 564 1698 potitur
581 1653 747 1694 tandem,
764 1653 963 1698 laudisque
979 1664 1159 1688 accensus
1176 1663 1302 1687 amore

324 1701 431 1735 Inter
447 1700 551 1734 mille
570 1699 669 1734 viros
687 1711 838 1734 murum
856 1704 983 1734 tamen
1002 1703 1160 1745 occupat
1177 1711 1278 1733 unus
1293 1713 1301 1732 z

325 1747 388 1782 Sic
404 1747 471 1781 ubi
487 1746 690 1792 pulsarunt
706 1747 863 1781 noviens
883 1746 1002 1781 latera
1017 1746 1136 1780 ardua
1153 1746 1303 1786 fluctus,

323 1794 484 1828 Vastius
501 1793 706 1838 insurgens
725 1793 890 1828 decimae
906 1793 984 1828 ruit
1002 1793 1169 1838 impetus
1186 1792 1322 1832 undae,

323 1840 404 1875 Nec
421 1840 529 1886 prius
546 1839 698 1874 absistit
715 1839 856 1874 fessam
873 1839 1092 1884 obpugnare
1108 1839 1285 1878 carinam,

325 1887 446 1931 Quam
463 1886 570 1921 velut
586 1886 625 1920 in
641 1891 772 1930 captae
787 1886 990 1921 descendat
1006 1886 1155 1921 moenia
1171 1886 1291 1919 navis.

325 1934 417 1968 Pars
435 1933 555 1978 igitur
571 1933 783 1978 temptabat
799 1933 922 1967 adhuc
939 1933 1116 1966 invadere
1133 1933 1277 1978 pinum,

326 1981 418 2015 Pars
435 1980 549 2014 maris
566 1979 671 2014 intus
689 1983 782 2014 erat.
819 1979 1013 2024 trepidant
1030 1979 1129 2014 haud
1148 1979 1270 2014 secius
1287 1988 1430 2018 omnes,

325 2027 447 2071 Quam
465 2027 561 2061 solet
577 2026 679 2066 urbs,
697 2026 781 2060 aliis
799 2037 950 2060 murum
969 2025 1199 2060 fodientibus
1217 2029 1324 2060 extra

323 2075 452 2119 Atque
467 2073 550 2108 aliis
569 2084 731 2112 murum,
748 2072 947 2118 trepidare,
964 2072 1180 2108 tenentibus
1199 2072 1315 2107 intus.

325 2120 462 2155 Deficit
480 2131 554 2160 ατε,
572 2120 762 2164 animique
780 2119 920 2154 cadunt
937 2135 944 2153 :
971 2119 1204 2164 totidemque
1221 2118 1411 2159 videntur,

325 2168 426 2212 Quot
444 2167 596 2202 veniant
614 2166 766 2203 fluctus.
783 2177 891 2201 ruere
907 2170 1020 2211 atque
1038 2166 1246 2210 irrumpere
1263 2169 1415 2199 mortes.

324 2215 411 2251 Non
429 2217 533 2249 tcnct
552 2212 611 2246 hie
629 2213 801 2247 lacrimas
816 2227 824 2253 ;
851 2217 979 2257 stupet
995 2212 1077 2253 hic;
1106 2216 1214 2247 vocat
1232 2211 1296 2246 ille
1312 2211 1453 2252 beatos,

326 2262 472 2296 Funera
489 2271 583 2306 quos
602 2265 777 2294 maneant
792 2274 800 2299 ;
827 2259 886 2294 hic
903 2260 1004 2293 votis
1023 2270 1163 2293 numen
1179 2258 1323 2298 adorat,

325 2308 582 2352 Bracchiaque
598 2306 645 2341 ad
662 2306 816 2345 caelum,
834 2305 933 2351 quod
951 2317 1026 2340 non
1045 2305 1160 2343 videt.
1178 2305 1283 2339 irrita
1300 2303 1438 2340 tollens

327 2355 454 2390 Poscit
471 2365 577 2399 opem
594 2369 600 2388 :
627 2353 793 2387 subeunt
810 2352 863 2387 illi
880 2351 1092 2397 fratresque
1111 2362 1331 2397 parensque,

1463 394 1532 430 500

1463 625 1531 662 505

1464 859 1534 895 510

1464 1091 1534 1128 515

1465 1326 1534 1362 520

1465 1559 1534 1596 525

1464 2023 1532 2059 535

1462 2257 1532 2293 540
