1664 2624
215 157 266 195 23

667 168 997 196 METAMORPHOSES
1024 169 1074 195 XI.

308 260 445 294 Pectus
462 260 618 299 habens,
636 260 749 294 silvas
766 264 955 304 captatam
973 271 1083 304 saepe
1099 271 1165 304 per
1180 271 1309 296 omnes

308 306 460 350 Aspicit
477 306 690 350 Hesperien
706 306 830 351 patria
847 305 1058 340 Cebrenida
1073 307 1167 351 ripa,

309 353 480 398 Injectos
497 352 638 386 umeris
655 352 858 387 siccantem
878 353 955 387 sole
972 352 1137 397 capillos.

308 398 404 433 Visa
420 399 522 442 fugit
539 399 718 444 nymphe,
737 399 854 433 veluti
871 400 1074 443 perterrita
1089 399 1238 433 fulvum

309 445 430 480 Cerva
445 446 590 490 lupum,
608 446 795 490 longeque
811 445 895 479 lacu
913 446 1097 490 deprensa
1113 446 1244 481 relicto

308 491 542 536 Accipitrem
559 492 724 525 fluvialis
741 503 844 526 anas.
881 503 996 536 quam
1011 492 1147 527 Troius
1164 493 1274 528 heros

309 538 542 584 Insequitur,
559 538 794 583 celeremque
811 545 915 572 metu
932 538 1029 573 celer
1044 544 1184 583 urguet
1200 551 1336 575 amore.

311 585 408 620 Ecce
426 585 548 620 latens
567 585 683 619 herba
699 585 850 619 coluber
868 585 1050 628 fugientis
1067 586 1214 620 adunco

310 631 435 666 Dente
452 631 585 676 pedem
604 631 770 670 strinxit,
790 632 971 676 virusque
987 632 1026 666 in
1043 643 1198 677 corpore
1215 633 1337 678 liquit.

311 678 409 713 Cum
428 679 506 712 vita
525 678 728 723 subpressa
746 677 838 721 fuga
856 682 923 712 est.
960 679 1203 723 amplectitur
1219 690 1350 714 amens

310 725 544 765 Exanimem,
562 724 773 769 clamatque
790 727 798 740 ‘
814 725 929 769 piget,
949 725 1053 769 piget
1071 737 1154 760 esse
1171 729 1346 760 secutum
1362 726 1369 760 ἔ

314 771 390 805 Sed
408 783 483 805 non
501 772 570 805 hoc
588 771 713 811 timui,
730 782 798 805 nec
815 778 897 805 erat
914 771 1007 805 mihi
1026 772 1175 806 vincere
1192 772 1302 807 tanti.

310 818 550 852 Perdidimus
568 817 745 852 miseram
762 829 831 852 nos
850 821 887 852 te
900 818 994 852 duo:
1023 818 1161 852 vulnus
1180 818 1227 853 ab
1239 830 1374 864 angue,

311 864 347 898 A
364 876 424 898 me
443 875 557 899 causa
573 864 663 898 data
679 870 747 898 est.
788 876 858 909 ego
875 876 958 898 sum
977 865 1193 900 sceleratior
1208 865 1292 900 illo:

312 911 386 954 Qui
401 911 473 946 tibi
490 914 613 945 morte
629 922 713 944 mea
730 912 864 945 mortis
883 911 1019 945 solacia
1036 911 1208 946 mittam.’

311 957 428 997 Dixit,
446 961 485 991 et
502 969 522 991 e
539 957 704 1002 scopulo,
722 969 796 1002 qua
814 969 927 992 rauca
944 958 1145 993 subederat
1162 958 1276 999 unda,

316 1004 364 1038 Se
381 1004 487 1038 dedit
505 1004 544 1037 in
562 1009 731 1048 pontum.
773 1004 916 1049 Tethys
933 1005 1113 1039 miserata
1128 1005 1327 1040 cadentem

314 1050 483 1085 Molliter
498 1051 655 1095 excepit,
672 1054 902 1096 nantemque
919 1062 986 1096 per
1002 1062 1167 1096 aequora
1184 1051 1318 1096 pennis

313 1097 434 1138 Texit,
452 1101 491 1131 et
508 1102 660 1141 optatae
677 1108 750 1131 non
767 1102 826 1132 est
843 1098 933 1132 data
950 1098 1056 1143 copia
1073 1098 1219 1133 mortis.

312 1143 545 1187 Indignatur
561 1155 693 1178 amans
712 1144 875 1178 invitum
894 1145 1023 1179 vivere
1038 1145 1122 1189 cogi
1136 1159 1144 1185 ;

314 1190 543 1235 Obstarique
560 1190 718 1231 animae,
735 1191 874 1225 misera
891 1191 936 1225 de
955 1191 1041 1226 sede
1057 1192 1199 1225 volenti

314 1237 438 1271 Exire.
480 1244 597 1282 utque
613 1249 730 1271 novas
748 1238 890 1271 umeris
907 1238 1172 1282 adsumpserat
1189 1238 1280 1277 alas,

317 1283 501 1318 Subvolat
519 1289 634 1328 atque
651 1283 789 1318 iterum
808 1296 944 1328 corpus
963 1296 1077 1329 super
1094 1295 1257 1329 aequora
1274 1283 1404 1318 mittit.

315 1330 448 1364 Pluma
466 1330 566 1364 levat
584 1342 702 1364 casus.
747 1331 838 1365 furit
858 1331 1036 1372 Aesacos,
1055 1332 1168 1376 inque
1185 1330 1414 1376 profundum

315 1376 464 1411 Pronus
483 1377 574 1417 abit,
591 1377 732 1422 letique
749 1377 849 1411 viam
867 1378 950 1412 sine
969 1378 1040 1412 fine
1058 1382 1276 1423 retemptat.

315 1423 421 1457 Fecit
438 1435 543 1457 amor
560 1424 715 1458 maciem
729 1439 735 1457 :
762 1423 876 1468 longa
893 1424 1108 1459 internodia
1124 1435 1290 1465 crurum,

316 1469 449 1514 Longa
466 1474 593 1504 manet
613 1470 737 1504 cervix
752 1484 760 1511 ς
787 1477 901 1516 caput
919 1476 977 1506 est
995 1483 1016 1505 a
1032 1482 1186 1517 corpore
1204 1471 1327 1516 longe.

316 1515 470 1562 Aequor
485 1521 600 1557 amat,
617 1529 828 1562 nomenque
846 1522 960 1560 tenet,
979 1518 1069 1564 quia
1085 1517 1276 1563 mergitur
1292 1513 1395 1552 i110.’'

1452 353 1522 390 770

1455 585 1525 622 775

1458 817 1528 854 780

1461 1048 1529 1086 785

1465 1281 1535 1318 790
