1664 2624
244 196 290 237 12

683 202 1016 231 METAMORPHOSES
1045 203 1097 230 XI.

607 533 1072 571 METAMORPHOSES
1104 532 1176 569 XI.

333 626 509 663 Carmine
527 626 617 661 dum
632 626 701 662 tali
719 626 834 661 silvas
850 626 1070 670 animosque
1085 625 1251 660 ferarum

332 673 529 708 Threicius
549 677 650 707 vates
669 677 706 707 et
724 684 814 707 saxa
831 672 1028 717 sequentia
1044 671 1161 713 ducit,

334 720 432 755 Ecce
446 731 567 754 nurus
585 719 779 759 Ciconum,
796 723 920 753 tectae
935 718 1134 771 lymphata
1149 717 1284 753 ferinis

333 767 490 801 Pectora
505 765 720 806 velleribus,
738 765 879 800 tumuli
895 765 941 799 de
957 764 1100 799 vertice
1115 767 1278 799 cernunt

334 812 490 858 Orphea
505 812 695 858 percussis
713 811 919 846 sociantem
937 811 1104 846 carmina
1119 811 1257 846 nervis.
1525 808 1547 845 5

334 859 365 894 E
384 859 522 904 quibus
539 870 627 899 una,
643 858 745 892 leves
762 857 905 903 jactato
922 858 1026 892 crine
1042 868 1110 902 per
1125 869 1248 898 auras,

334 905 462 946 “Enss’
477 905 566 940 ait“
580 916 628 939 en
643 904 705 939 hic
722 908 781 939 est
799 904 925 939 nostri
941 903 1233 958 contemptor!”
1251 905 1289 938 et
1304 902 1454 938 hastam

334 952 445 987 Vatis
462 951 655 996 Apollinei
671 951 816 985 vocalia
830 950 935 985 misit
952 951 992 984 in
1009 962 1084 990 ora,

338 998 442 1042 Quae
458 997 560 1032 foliis
577 1002 758 1043 praesuta
773 1001 903 1032 notam
920 997 1002 1031 sine
1019 996 1176 1031 vulnere
1191 996 1292 1032 fecit.

335 1044 506 1080 Alterius
522 1044 643 1079 telum
657 1044 754 1089 lapis
773 1048 843 1084 est,
862 1043 927 1089 qui
943 1043 1084 1077 missus
1101 1043 1140 1077 in
1157 1043 1240 1088 ipso
1504 1042 1550 1078 10

337 1092 438 1126 Aere
454 1095 637 1126 concentu
654 1090 780 1125 victus
797 1090 977 1135 vocisque
992 1090 1170 1135 lyraeque
1186 1093 1258 1131 est,

336 1139 395 1173 Ac
410 1137 531 1172 veluti
547 1137 706 1182 supplex
722 1148 792 1182 pro
807 1141 887 1172 tam
903 1136 1102 1171 furialibus
1120 1136 1222 1171 ausis

336 1184 440 1219 Ante
456 1184 571 1229 pedes
587 1183 718 1228 jacuit.
756 1183 823 1218 sed
840 1183 940 1217 enim
957 1183 1160 1218 temeraria
1174 1185 1352 1218 crescunt

337 1230 454 1271 Bella,
470 1230 681 1275 modusque
696 1229 800 1271 abiit,
816 1230 1023 1274 insanaque
1040 1234 1175 1274 regnat
1193 1229 1345 1274 Erinys.

337 1276 562 1322 Cunctaque
578 1277 655 1311 tela
670 1275 794 1310 forent
809 1279 925 1310 cantu
942 1275 1091 1311 mollita
1106 1291 1112 1310 ε
1139 1275 1206 1310 sed
1222 1276 1356 1321 ingens
1505 1274 1551 1310 15

339 1322 492 1359 Clamor
507 1327 546 1358 et
562 1323 726 1357 infracto
743 1322 968 1367 Berecyntia
983 1322 1076 1357 tibia
1089 1333 1206 1356 cornu

338 1370 609 1415 'tympanaque
626 1374 664 1404 et
681 1369 836 1413 plausus
853 1373 892 1403 et
909 1368 1069 1403 Bacchei
1086 1368 1255 1409 ululatus

340 1416 600 1461 Obstrepuere
616 1427 708 1450 sono
725 1415 902 1450 citharae.
927 1419 1008 1449 tum
1025 1415 1186 1460 denique
1204 1426 1294 1450 saxa

340 1463 428 1498 Non
444 1462 611 1497 exauditi
626 1462 839 1497 rubuerunt
856 1462 1042 1506 sanguine
1059 1463 1167 1496 vatis.

340 1510 399 1545 Ac
412 1509 580 1554 primum
595 1509 779 1543 attonitas
796 1509 1003 1543 etiamnum
1019 1519 1109 1543 voce
1127 1507 1296 1542 canentis
1506 1507 1553 1545 20

341 1556 566 1590 Innumeras
582 1555 753 1590 volucres
769 1565 990 1599 anguesque
1006 1565 1217 1599 agmenque
1233 1554 1400 1589 ferarum

341 1602 544 1636 Maenades
562 1601 705 1655 Orphei
720 1601 877 1636 titulum
893 1612 1053 1646 rapuere
1070 1600 1256 1645 triumphi

342 1648 438 1683 Inde
454 1648 662 1684 cruentatis
678 1651 885 1683 vertuntur
899 1647 939 1681 in
956 1646 1108 1692 Orphea
1123 1647 1267 1682 dextris

344 1695 394 1730 Et
410 1699 547 1730 coeunt
564 1700 608 1730 ut
623 1706 724 1733 aves,
742 1695 775 1729 si
791 1693 943 1739 quando
958 1693 1043 1728 luce
1059 1699 1263 1746 vagantem

343 1741 480 1776 Noctis
495 1752 603 1775 avem
619 1746 791 1776 cernunt.
809 1745 1031 1785 Structoque
1048 1740 1238 1786 utrimque
1255 1740 1408 1776 theatro
1511 1740 1556 1776 25

344 1788 425 1823 Ceu
441 1789 630 1823 matutina
646 1799 780 1823 cervus
797 1787 991 1832 periturus
1010 1787 1150 1821 harena

345 1834 491 1869 Praeda
507 1845 641 1869 canum
659 1839 729 1875 est,
745 1839 956 1886 vatemque
963 1838 1097 1877 petunt
1115 1837 1154 1868 et
1172 1832 1304 1868 fronde
1320 1833 1488 1869 virentes

346 1881 548 1916 Conieiunt
564 1881 729 1925 thyrsos,
746 1891 821 1915 non
839 1879 956 1914 haec
947 1891 986 1913 ln
1006 1891 1164 1914 munera
1180 1879 1324 1921 factos;

347 1927 430 1961 Hae
446 1927 609 1972 glaebas,
626 1927 712 1962 illae
728 1926 897 1972 direptos
913 1926 1045 1960 arbore
1062 1937 1198 1966 ramos,

347 1973 440 2008 Pars
457 1977 638 2019 torquent
654 1973 788 2008 silices.
813 1984 888 2007 neu
905 1972 1031 2007 desint
1048 1973 1125 2007 tela
1141 1972 1273 2013 furori,
1513 1972 1559 2009 30

350 2019 466 2054 Forte
483 2020 596 2055 boves
613 2031 744 2064 presso
761 2019 990 2062 subigebant
1007 2030 1159 2054 vomere
1175 2024 1328 2059 terram,

349 2065 429 2101 Nec
445 2066 576 2112 procul
593 2066 682 2101 hinc
699 2066 818 2101 multo
836 2065 1004 2099 fructum
1024 2065 1159 2100 sudore
1176 2071 1352 2111 parantes

350 2112 456 2147 Dura
472 2113 647 2148 lacertosi
665 2112 858 2147 fodiebant
871 2123 963 2147 arva
978 2112 1109 2146 coloni.

350 2159 516 2204 Agmine
532 2159 597 2205 qui
614 2160 695 2194 viso
711 2159 877 2211 fugiunt,
894 2159 1092 2204 operisque
1107 2158 1328 2203 relinquunt

351 2205 471 2240 Arma
488 2206 556 2240 sui.
596 2217 810 2258 vacuosque
828 2204 955 2250 jacent
972 2204 1145 2249 dispersa
1162 2217 1228 2249 per
1245 2215 1357 2250 agros
1513 2204 1559 2240 35

355 2251 583 2297 Sarculaque
599 2252 788 2296 rastrique
805 2263 939 2296 graves
957 2251 1135 2296 longique
1152 2252 1310 2304 ligones.

353 2298 457 2343 Quae
474 2305 675 2344 postquam
693 2309 847 2343 rapuere
865 2297 976 2338 ferae,
994 2309 1186 2343 cornuque
1203 2298 1368 2333 minaces

354 2344 554 2381 Divulscre
571 2345 694 2387 boves,
711 2344 758 2380 ad
775 2345 875 2380 vatis
891 2344 969 2380 fata
985 2349 1198 2385 recurrunt,
