1664 2624
258 166 306 204 16

703 177 836 203 METAM
847 177 1031 204 JRPHOSES
1058 177 1110 204 XI.

349 265 473 300 Unius
491 276 662 300 sermone
679 265 814 301 Midae.
851 278 921 302 nec
939 267 1071 302 Delius
1089 279 1202 303 aures

349 312 566 347 Humanam
583 312 742 347 stolidas
751 310 904 358 'patitur
921 314 1083 349 retinere
1099 315 1262 360 figuram
1277 330 1284 349 :

350 358 425 393 Sed
441 359 560 393 trahit
576 359 614 392 in
633 359 812 404 spatium,
830 360 1003 406 villisque
1018 361 1234 396 albentibus
1250 361 1396 407 implet,

347 405 628 450 Instabilesque
644 406 738 439 imas
756 405 849 441 facit
866 411 905 441 et
922 407 987 441 dat
1003 419 1114 452 posse
1131 408 1284 443 moveri.

349 450 485 487 Cetera
502 457 592 486 sunt
609 452 771 486 hominis
787 467 794 486 :
820 458 966 497 partem
982 453 1187 488 damnatur
1202 455 1242 489 in
1258 465 1386 496 unam,

346 497 600 543 Induiturque
617 509 727 532 aures
743 498 845 533 lente
861 499 1072 542 gradientis
1089 501 1207 535 aselli.

346 544 418 579 Ille
433 544 586 590 quidem
603 545 723 579 celare
738 545 855 589 cupit,
872 546 1049 591 turpique
1065 547 1208 591 pudore

346 591 534 636 Tempora
548 591 750 636 purpureis
766 596 931 636 temptat
947 593 1073 627 velare
1089 594 1208 629 tiaris.

350 637 425 672 Sed
442 638 576 672 solitus
594 638 726 681 longos
743 637 844 672 ferro
860 649 1030 673 resecare
1046 640 1199 685 capillos

347 684 508 718 Viderat
525 684 596 718 hoc
613 683 788 718 famulus.
828 685 895 729 qui
912 697 998 719 cum
1016 697 1085 720 nec
1101 686 1259 731 prodere
1276 686 1403 722 visum

347 730 518 764 Dedecus
535 730 704 770 auderet,
721 730 875 775 cupiens
894 732 1025 766 efferre
1043 732 1114 767 sub
1130 744 1253 771 auras,

346 776 427 811 Nec
443 784 572 822 posset
587 777 744 811 reticere
760 782 900 817 tamen,
918 778 1068 818 secedit,
1084 779 1318 825 humumque

347 823 505 863 Effodit,
523 828 572 863 et,
590 823 731 858 domini
749 824 879 868 quales
896 825 1088 869 aspexerit
1105 837 1224 866 aures,

347 869 451 904 Voce
467 870 582 904 refert
598 881 726 914 parva,
743 875 941 916 terraeque
961 872 1215 906 inmurmurat
1232 873 1415 916 liaustae3

347 916 612 961 Indiciumque
629 928 717 951 suae
734 928 844 951 voces
861 917 998 951 tellure
1014 925 1166 961 regesta

346 962 498 1004 Obruit,
516 967 554 998 et
572 962 767 997 scrobibus
785 963 927 998 tacitus
945 965 1106 999 discedit
1123 965 1275 1009 opertis.

349 1009 489 1044 Creber
505 1009 780 1044 harundinibus
798 1011 972 1045 tremulis
992 1011 1040 1045 ibi
1059 1022 1216 1057 surgere
1231 1012 1341 1047 lucus

348 1055 493 1101 Coepit,
511 1060 562 1097 et,
578 1061 622 1090 ut
639 1056 801 1100 primum
816 1057 929 1101 pleno
947 1058 1130 1092 maturuit
1144 1069 1255 1099 anno,

347 1102 521 1137 Prodidit
537 1103 760 1145 agricolam:
786 1103 861 1137 leni
879 1115 966 1138 nam
984 1111 1108 1139 motus
1125 1105 1172 1139 ab
1192 1109 1323 1139 austro

346 1148 497 1184 Obruta
511 1149 626 1183 verba
641 1148 767 1190 refert,
784 1149 1003 1196 dominique
1019 1151 1191 1195 coarguit
1207 1163 1330 1186 aures.

392 1196 509 1231 Ultus
527 1196 606 1230 abit
622 1196 765 1236 Tmolo,
781 1196 1042 1242 liquidumque
1058 1208 1125 1242 per
1141 1200 1228 1231 aera
1245 1202 1375 1234 vectus

347 1242 570 1287 Angustum
588 1242 686 1276 citra
702 1247 864 1288 pontum
882 1243 1137 1288 Nepheleidos
1155 1244 1284 1280 Helles

347 1288 636 1323 Laomedonteis
655 1289 809 1324 Latoius
826 1290 949 1324 astitit
966 1290 1078 1325 arvis.

347 1335 510 1370 Dextera
530 1335 643 1380 Sigei,
661 1335 820 1370 Rhoetei
839 1337 942 1371 laeva
958 1335 1138 1382 profundi

347 1381 426 1416 Ara.
442 1382 705 1427 Panomphaeo
722 1386 833 1417 vetus
851 1387 911 1418 est
929 1387 1075 1418 sacrata
1089 1383 1264 1419 Tonanti.

347 1429 442 1464 Inde
458 1440 576 1464 novae
594 1429 757 1473 primum
775 1429 898 1464 moliri
915 1430 1063 1464 moenia
1079 1430 1216 1475 Trojae

347 1475 602 1510 Laomedonta
619 1475 734 1515 videt,
752 1481 1004 1521 susceptaque
1023 1488 1160 1522 magna
1178 1477 1304 1512 labore

347 1522 526 1557 Crescere
543 1522 698 1562 difficili,
716 1533 786 1557 nec
803 1534 891 1566 opes
909 1532 1108 1568 exposcere
1125 1535 1261 1568 parvas
1276 1538 1283 1557 ε

346 1568 519 1614 Cumque
535 1569 782 1613 tridentigero
800 1569 936 1603 tumidi
954 1569 1126 1613 genitore
1142 1569 1321 1615 profundi

347 1615 543 1650 Mortalem
560 1615 732 1649 induitur
749 1615 920 1651 formam.
941 1615 1204 1661 Phrygiaeque
1221 1624 1384 1661 tyranno

346 1662 532 1696 Aedificat
549 1673 689 1702 muros,
709 1667 840 1705 pactus
860 1674 927 1707 pro
945 1663 1139 1697 moenibus
1158 1675 1304 1698 aurum.

348 1707 483 1743 Stabat
499 1720 614 1753 opus:
641 1708 804 1753 pretium
825 1721 887 1742 rex
908 1709 1107 1750 inficiatur,
1126 1716 1163 1744 et
1181 1709 1299 1751 addit,

345 1755 528 1790 Perfidiae
543 1755 750 1794 cumulum,
767 1755 874 1788 falsis
894 1754 1061 1801 perjuria
1079 1755 1215 1790 verbis.

345 1803 366 1818 “
378 1801 463 1836 Non
482 1802 623 1846 inpune
641 1800 738 1836 feres
752 1801 771 1814 ''
791 1807 914 1836 rector
928 1802 1040 1835 maris
1060 1802 1203 1847 inquit:
1229 1805 1268 1837 et
1284 1812 1416 1837 omnes

346 1847 553 1883 Inclinavit
569 1859 687 1893 aquas
707 1848 753 1882 ad
770 1859 904 1882 avarae
921 1848 1033 1883 litora
1049 1848 1192 1894 Trojae.

347 1894 468 1940 Inque
486 1894 573 1929 freti
592 1895 752 1929 formam
771 1899 891 1929 terras
908 1894 1119 1939 complevit,
1136 1905 1302 1940 opesque

348 1940 523 1976 Abstulit
539 1941 717 1986 agricolis
735 1946 772 1975 et
789 1941 969 1976 fluctibus
985 1941 1113 1975 obruit
1130 1952 1252 1985 agros.

1487 313 1557 351 175

1480 547 1549 583 180

1487 779 1555 816 185

1486 1011 1556 1048 190

1487 1243 1556 1279 195

1482 1476 1553 1514 200

1486 1709 1556 1746 205

1486 1941 1557 1977 210

347 1987 470 2022 Poena
486 1999 606 2033 neque
624 1988 715 2022 haec
732 1987 826 2022 satis
844 1994 921 2022 est:
948 1988 1048 2032 regis
1066 1999 1216 2033 quoque
1235 1987 1310 2022 filia
1326 1993 1498 2024 monstro

348 2034 520 2069 Poscitur
535 2045 729 2079 aequoreo.
771 2045 881 2079 quam
901 2034 996 2069 dura
1012 2034 1060 2069 ad
1079 2046 1167 2069 saxa
1185 2035 1389 2069 revinctam

346 2080 527 2115 Vindicat
545 2080 707 2121 Alcides,
725 2082 984 2126 promissaque
1003 2092 1169 2121 munera,
1187 2080 1309 2115 dictos

348 2127 475 2162 Poscit
492 2138 628 2171 equos3
655 2127 826 2173 tantique
844 2127 966 2172 operis
986 2127 1155 2162 mercede
1172 2133 1310 2172 negata

353 2175 413 2208 Bis
432 2173 585 2219 perjura
603 2174 702 2217 capit
720 2180 917 2218 superatae
935 2174 1081 2208 moenia
1097 2173 1243 2219 Trojne.

349 2220 426 2254 Noc
453 2233 539 2265 pars
559 2221 725 2257 militiae.
743 2220 932 2260 Telamon,
951 2221 1032 2254 sine
1050 2220 1189 2255 honore
1207 2221 1372 2262 recessit,

350 2267 586 2311 Hesioneque
605 2266 692 2301 duta
711 2267 864 2311 potitur.
907 2278 992 2301 nam
1012 2267 1171 2312 conjuge
1191 2267 1324 2302 Peleus

349 2313 484 2349 Clarus
504 2317 584 2348 erat
602 2313 697 2347 diva.
735 2325 800 2348 uec
819 2314 877 2348 avi
897 2314 1020 2357 magis
1038 2314 1098 2349 ille
1116 2313 1287 2359 superbit

1487 2172 1557 2210 215
