1664 2624
492 203 820 231 METAMORPHOSES
848 205 900 230 ΣΙ.
1290 195 1340 232 25

177 296 231 331 At
248 300 357 341 pater
372 307 392 330 e
409 295 548 340 populo
562 300 740 330 natorum
758 295 860 329 mille
878 307 1032 330 suorum

132 343 282 378 Excitat
297 342 481 377 artificem
498 342 833 387 simulatoremque
849 342 994 387 figurae

132 390 324 435 Morphea.
361 400 435 423 non
454 389 519 422 illo
534 387 661 433 jussos
678 388 871 423 sollertius
888 390 983 423 alter
1273 389 1340 424 635

134 436 324 481 Exprimit
341 436 510 470 incessus
528 436 752 480 vultumque
770 446 980 480 sonumque
995 435 1193 480 loquendi;

132 482 264 517 Adicit
280 487 320 517 et
335 487 462 516 vestes
480 486 519 515 et
536 481 828 516 consuetissima
843 483 980 527 cuique

134 529 270 564 Verba.
312 528 380 563 sed
396 528 458 562 hio
476 528 574 562 solos
591 528 761 562 homines
779 528 961 562 imitatur.
1001 531 1042 563 at
1059 528 1155 563 alter

132 575 195 610 Fit
212 575 300 616 fera,
318 575 363 609 fit
379 575 556 614 volucris,
577 574 619 609 fit
636 575 750 618 longo
765 586 919 619 corpore
941 586 1107 619 serpens.

133 622 246 656 Hunc
265 621 392 656 Icelon
409 621 548 665 superi,
567 621 726 655 mortale
742 621 953 656 Phobetora
969 621 1109 665 vulgus
1273 622 1341 656 640

132 668 327 703 Nominat.
368 672 427 702 est
443 668 559 702 etiam
577 667 748 702 diversae
763 668 906 702 tertius
922 667 1016 702 artis

132 714 344 750 Phantasos
354 729 363 756 ;
374 714 437 748 ille
449 714 489 748 in
498 714 657 748 humum
670 725 877 759 saxumque
885 714 1098 760 undamque
1105 714 1339 760 trabemque,

127 761 312 814 Quaeque
328 766 464 795 vacant
480 761 607 795 anima
622 761 806 795 fallaciter
822 761 949 795 omnia
964 761 1116 796 transit.

133 808 229 852 Regi
219 808 301 842 bus
320 807 358 841 hi
375 807 610 852 ducibusque
627 818 716 842 suos
733 807 934 841 ostendere
951 807 1081 842 vultus

131 854 255 889 Nocte
272 854 406 894 solent,
423 854 582 899 populos
598 853 661 887 alii
679 854 902 906 plebemque
919 858 1130 898 pererrant.
1274 854 1341 889 645

131 900 319 936 Praeterit
335 900 403 935 hos
421 900 556 940 senior,
573 900 795 945 cunctisque
812 911 832 934 e
849 899 969 934 fratri}
971 912 1029 934 ms
1049 912 1167 935 unum

131 946 324 992 Morphea,
342 947 408 992 qui
420 952 578 992 peragat
594 946 894 981 Thaumantidos
911 946 1024 988 edita,
1044 946 1209 982 Somnus

131 994 275 1038 Eligit:
301 1000 340 1028 et
357 1005 492 1028 rursus
508 993 612 1028 molli
629 993 813 1038 languore
828 993 974 1027 solutus

130 1040 393 1086 Deposuitque
408 1044 533 1085 caput,
550 1043 747 1093 stratoque
764 1040 974 1074 recondidit
992 1040 1080 1075 alto.

131 1087 203 1122 Ele
218 1087 319 1122 volat
336 1087 463 1121 nullos
481 1087 666 1131 strepitus
683 1085 908 1121 facientibus
925 1087 994 1120 alis
1274 1088 1342 1122 650

130 1133 204 1169 Per
219 1133 410 1172 tenebras,
423 1133 599 1178 intraque
616 1144 742 1167 morae
759 1132 872 1166 breve
889 1138 1041 1178 tempus
1059 1133 1099 1167 in
1115 1133 1250 1168 urbem

131 1179 313 1215 Pervenit
330 1180 600 1214 Haemoniam·
593 1194 602 1221 ;
626 1180 836 1225 positisque
853 1191 872 1213 e
889 1190 1044 1224 corpore
1062 1181 1199 1225 pennis

131 1226 179 1261 In
195 1226 329 1261 faciem
349 1227 485 1271 Ceycis
503 1226 594 1266 abit,
613 1231 840 1271 sumptaque
857 1226 980 1270 figura

132 1273 312 1313 Luridus‚
330 1273 492 1307 exanimi
510 1273 658 1313 similis,
677 1273 758 1306 sine
775 1273 946 1306 vestibus
963 1272 1063 1313 ullis,

131 1319 318 1365 Conjugis
335 1323 424 1354 ante
441 1324 568 1353 torum
583 1319 742 1353 miserae
760 1319 878 1354 stetit.
913 1318 988 1353 uda
1005 1319 1159 1354 videtur
1275 1319 1343 1355 655

132 1366 257 1401 Barba
272 1366 357 1406 viri,
374 1366 610 1411 madidisque
626 1365 753 1411 gravis
771 1366 887 1399 fluere
903 1365 1007 1399 unda
1022 1366 1179 1411 capillis.

131 1412 228 1447 Tum
246 1413 342 1448 lecto
358 1412 594 1453 incumbens,
612 1412 705 1447 fletu
723 1423 837 1457 super
853 1423 918 1446 ora
935 1411 1074 1453 refuso,

132 1458 237 1494 Haec
252 1459 306 1494 ait
321 1474 328 1493 :
355 1461 376 1476 “
389 1459 563 1505 agnoscis
582 1459 716 1503 Ceyca,
732 1459 946 1493 miserrima
962 1458 1159 1502 conjunx?

131 1505 194 1540 An
211 1517 294 1540 mea
311 1510 458 1540 mutata
474 1510 532 1540 est
550 1506 662 1539 facies
680 1505 800 1540 nece?
826 1505 989 1549 respice!
1017 1517 1164 1547 nosces,

132 1551 384 1598 Inveniesque
400 1557 468 1587 tuo
483 1563 552 1597 pro
568 1551 732 1597 conjuge
748 1551 923 1596 conjugis
941 1552 1127 1587 umbram.
1277 1552 1345 1587 660

131 1598 198 1633 Nil
214 1599 308 1643 opis,
326 1599 507 1644 Alcyone,
524 1598 633 1633 nobis
651 1604 719 1633 tua
735 1604 825 1633 vota
841 1598 1016 1633 tulerunt
1031 1614 1038 1632 :

133 1644 363 1680 Occidimus.
403 1645 500 1680 falso
515 1645 586 1679 tibi
603 1656 663 1679 me
680 1645 905 1690 promittere
921 1645 1009 1679 noli.

133 1691 300 1726 Nubilus
318 1692 474 1736 Aegaeo
490 1691 692 1736 deprendit
708 1691 747 1725 in
765 1702 927 1736 aequore
944 1702 1080 1725 navem

133 1738 289 1778 Auster,
308 1743 346 1773 et
364 1739 512 1783 ingenti
529 1738 712 1781 jactatam
729 1738 880 1772 flamine
898 1738 1032 1772 solvit:

133 1783 285 1830 Oraque
301 1792 445 1825 nostra,
463 1791 575 1820 tuum
592 1785 736 1818 frustra
752 1785 953 1819 clamantia
969 1795 1120 1825 nomen,
1277 1783 1345 1819 665

131 1830 189 1865 Im
192 1831 347 1876 plerunt
364 1831 515 1866 fluctus.
549 1842 625 1866 non
642 1831 734 1865 haec
751 1831 822 1865 tibi
839 1831 994 1866 nuntiat
1011 1834 1144 1865 auctor

130 1877 359 1923 Ambiguus‚
377 1889 453 1912 non
471 1878 545 1912 ista
560 1877 669 1921 vagis
688 1877 903 1912 rumoribus
921 1877 1052 1911 audis:

131 1922 222 1970 Ipse
239 1935 309 1968 ego
325 1924 402 1959 fata
420 1924 491 1959 tibi
508 1935 686 1969 praesens
703 1935 787 1958 mea
804 1924 1012 1968 naufragus
1030 1923 1110 1958 edo.

134 1969 270 2016 Surge.
287 1981 370 2015 age,
386 1970 434 2005 da
450 1971 637 2010 lacrimas,
651 1970 899 2022 lucubrizique
916 1970 1042 2009 indue,
1058 1981 1129 2005 nec
1145 1980 1206 2005 me

131 2015 420 2062 Indeploratum
438 2017 535 2051 sub
526 2017 654 2051 mania
669 2013 828 2051 Tartara
847 2016 990 2051 mittess’
1276 2015 1344 2050 670

131 2062 262 2098 Adicit
280 2063 338 2098 his
355 2075 485 2098 vocem
504 2063 722 2109 Morpheus,
740 2074 852 2108 quam
871 2062 1047 2108 conjugis
1065 2063 1130 2098 illa

131 2108 315 2144 Crederet
332 2121 414 2144 esse
431 2110 502 2144 sui.
538 2110 650 2144 fletus
667 2121 816 2155 qnoque
833 2109 994 2144 fundere
1011 2121 1120 2144 veros

133 2155 252 2191 Visus
269 2161 364 2196 erat,
382 2163 609 2201 gestumque
626 2167 762 2190 manus
781 2156 915 2200 Ceycis
933 2156 1106 2190 habebat.

133 2201 302 2246 Ingemit
319 2183 488 2247 Alcyone
506 2203 718 2243 lacrimans,
737 2207 864 2237 movet
880 2207 994 2247 atque
1012 2202 1174 2237 lacertos

132 2247 205 2283 Per
222 2260 407 2289 somnum,
424 2260 634 2294 corpusque
652 2255 786 2294 petens
803 2249 1046 2293 amplectitur
1061 2260 1194 2288 auras;
1277 2248 1344 2282 675

134 2294 406 2340 Exclamatque
423 2299 442 2312 ‘⁸
459 2295 588 2329 mane!
615 2307 690 2340 quo
707 2303 746 2330 te
763 2296 864 2340 rapis
881 2295 896 2329 Ρ
922 2295 1062 2330 ibimus
1080 2294 1190 2329 una.”

131 2341 235 2376 Voce
252 2353 321 2376 sua
337 2341 535 2387 specieque
551 2342 622 2376 viri
640 2342 794 2377 turbata
811 2352 980 2383 soporem
