1664 2624
531 193 865 221 usrmoarnosss
895 194 946 220 111.
1345 185 1395 224 27

181 285 265 320 Hoc
281 285 408 320 minus
427 288 465 320 et
483 284 608 319 minus
625 290 686 319 est
702 284 854 320 mentis.
879 284 959 330 J‘am
976 285 1130 331 jamque
1147 287 1381 333 propinquae

180 332 392 366 Admotum
408 337 542 372 terrae,
559 331 638 376 jam
656 331 760 377 quod
776 342 1004 376 cognoscere
1021 337 1163 377 posset,

183 377 335 413 Cernit.
362 383 442 413 erat
460 377 635 423 conjunx.
678 378 774 412 “ille
790 383 872 412 est.
865 378 895 400 ''
899 377 1128 418 ’,exclamat
1145 384 1184 414 et
1201 391 1277 414 uua
1327 380 1394 415 725

181 424 259 460 Ora
275 436 399 459 comas
417 429 564 459 vestem
581 424 731 465 lacerat,
748 425 986 470 tendensque
1003 430 1210 461 trementes

182 470 243 506 Ad
261 471 384 516 Ceyca
399 482 536 505 manus
554 473 574 488 “
589 471 653 511 sic,
671 482 693 506 o
711 471 907 505 carissime
923 471 1102 515 conjunx,

183 517 246 552 Sic
262 517 311 552 ad
328 529 398 558 me,
416 517 639 557 miserande,
657 517 788 552 redis?
806 517 826 531 ’'
851 517 917 551 ait.
954 517 1105 562 adjacet
1123 519 1237 554 undis

180 564 299 599 Facta
314 575 429 598 manu
446 565 574 603 1110185,
589 575 684 609 quae
699 564 842 608 primas
858 566 1032 609 aequoris
1050 567 1125 599 iras

180 611 341 656 Frangit
357 615 396 645 et
412 611 589 645 incursus
607 621 703 656 quae
719 610 977 656 praedelassat
993 623 1188 655 aquarum.
1326 613 1393 649 730

180 657 310 692 Insilit
322 657 407 691 huc.
443 657 657 700 mirumque
673 656 748 692 fuit
765 657 963 701 potuisse?
997 658 1159 700 volabat,

179 703 477 749 Percutiensque
493 704 612 738 levem
628 703 740 737 modo
755 704 856 738 natis
872 705 960 738 aera
977 704 1121 748 pennis,

181 749 404 795 Stringebat
422 761 589 784 summas
606 750 686 784 ales
703 750 929 784 miserabilis
947 750 1082 791 undas,

178 796 354 842 Dumque
370 796 486 837 volat,
502 801 643 830 maesto
660 796 822 830 similem
839 796 1071 842 plenumque
1087 797 1276 842 querellae

178 843 256 878 Ora
270 843 407 878 dedere
424 854 559 878 sonum
576 843 684 877 tenui
703 843 926 886 crepitantia
942 848 1076 878 rostro.
1324 845 1392 880 735

179 889 233 924 Ut
248 901 340 924 vero
355 889 485 934 tetigit
502 896 653 923 mutum
670 894 708 924 et
726 889 809 924 sine
828 890 1012 934 sanguine
1029 901 1178 934 corpus,

177 935 345 971 Dilectos
361 940 468 970 artus
485 936 657 980 amplexa
673 935 887 970 recentibus
905 936 986 976 alis,

177 982 333 1028 Frigida
348 983 577 1028 nequiquam
595 982 690 1017 duro
707 982 812 1016 dedit
829 983 957 1017 oscula
975 987 1108 1017 rostro.

179 1028 361 1064 Senserat
377 1029 447 1063 hoc
465 1028 578 1074 Ceyx,
595 1040 644 1063 an
660 1029 810 1063 vultum
827 1029 993 1063 motibus
1011 1029 1136 1064 undae

175 1075 323 1110 Tollere
340 1075 391 1110 sit
405 1075 524 1117 visus,
540 1075 706 1120 populus
721 1075 932 1110 dubitabat.
980 1081 1021 1110 at·
1036 1076 1101 1111 ille
1323 1077 1391 1113 740

179 1121 367 1161 Senserat.
414 1127 452 1157 et
468 1122 636 1161 tandem,
654 1122 801 1166 superis
818 1121 1102 1162 miserantibus,
1118 1122 1229 1158 ambo

175 1168 280 1203 Alite
294 1172 504 1203 mutantur.
552 1169 640 1203 fatis
656 1168 840 1203 obnoxius
858 1169 978 1203 isdem

174 1215 283 1249 Tunc
299 1226 450 1260 quoque
464 1215 608 1249 mansit
624 1227 738 1255 amor,
754 1227 824 1249 nec
842 1215 1056 1260 conjugiale
1073 1215 1240 1250 solutum

176 1261 328 1296 Foedus
344 1261 384 1296 in
400 1262 569 1296 alitibus.
619 1266 768 1301 coeunt,
782 1262 955 1306 fiuntque
972 1266 1169 1306 parentes:

176 1307 324 1354 Perque
341 1307 421 1343 dies
438 1308 606 1353 placidos
624 1308 782 1343 hiberno
798 1314 969 1353 tempore
986 1312 1132 1353 septem
1320 1308 1388 1344 745

177 1354 341 1389 Incubat
357 1354 526 1400 Alcyone
542 1355 798 1400 pendentibus
815 1365 977 1400 aequore
993 1355 1104 1389 nidis.

175 1401 283 1436 Tunc
299 1401 400 1446 J'acet
415 1402 517 1436 unda
533 1401 660 1436 maris.
709 1406 845 1437 ventos
861 1401 1030 1436 custodit
1046 1406 1085 1436 et
1100 1405 1204 1437 arcet

175 1448 318 1482 Aeolus
334 1459 506 1493 egressu,
522 1451 767 1501 praestatque
784 1448 984 1492 nepotibus
1002 1459 1154 1493 aequor.

222 1493 303 1529 Hos
320 1495 457 1539 aliquis
477 1494 602 1529 senior
618 1493 783 1540 junctim
800 1494 899 1528 freta
914 1495 992 1529 lata
1006 1495 1176 1530 volantes

177 1539 346 1585 Spectat,
364 1546 402 1575 et
417 1540 466 1575 ad
482 1541 596 1576 finem
615 1545 785 1593 servatos
803 1541 934 1576 laudat
950 1552 1107 1576 amores.
1321 1541 1389 1577 750

174 1568 388 1627 Proximus,
405 1592 473 1622 aut
489 1587 600 1627 idem,
619 1587 650 1622 si
668 1587 745 1622 fors
763 1587 890 1628 tulit‚‘
895 1587 978 1622 ‘hic
995 1587 1168 1633 quoque,
1173 1586 1295 1622 'dixit

173 1633 331 1677 ‘Quem
349 1645 450 1668 mare
466 1638 680 1678 carpentem
701 1634 982 1686 substrictaque
997 1645 1108 1668 crura
1124 1637 1319 1679 gerentem

174 1679 348 1725 Aspicis,⁵
352 1680 613 1715 ⁵—ostendens
631 1680 839 1733 spatiosum
855 1681 895 1714 in
913 1686 1075 1724 guttura
1090 1691 1313 1725 mergum-—

175 1727 330 1773 “Regia
345 1727 556 1772 progenies.
595 1731 697 1762 sunt.
715 1727 747 1761 si
765 1727 991 1761 descendere
1008 1727 1082 1761 ad
1074 1738 1200 1772 lpsum

173 1771 318 1808 Ordine
333 1780 516 1818 perpetuo
532 1774 694 1818 quaeris,
713 1780 803 1807 sunt
818 1772 937 1826 hujus
954 1773 1061 1819 origo
1320 1773 1388 1810 755

174 1819 256 1854 llus
273 1824 312 1854 et
327 1819 541 1854 Assaracus
558 1827 766 1865 raptusque
784 1819 807 1854 J
811 1831 871 1854 ovi
891 1819 1130 1872 Ganymedes

175 1865 465 1911 Laomedonque
482 1878 593 1901 senex
613 1866 860 1912 Priamusque
876 1867 1083 1901 novissima
1099 1867 1233 1912 Trojae

176 1912 364 1965 Tempora
382 1913 552 1947 sortitus.
591 1913 709 1947 frater
725 1913 798 1947 fuit
817 1913 995 1947 Hectoris
1013 1913 1108 1947 iste:

176 1958 249 2002 Qui
267 1959 342 1993 nisi
359 1959 542 1994 sensisset
559 1960 682 2004 prima
698 1971 795 1994 nova
812 1959 890 1994 fata
905 1959 1074 2003 juventa,

176 2005 352 2041 Forsitan
369 2005 528 2040 inferius
546 2017 618 2040 non
637 2005 802 2041 Hectore
819 2017 956 2040 nomen
975 2006 1154 2041 haberet·
1145 2033 1155 2048 ‚
1319 2006 1388 2043 760

174 2051 356 2095 Quamvis
373 2058 433 2087 est
449 2052 558 2086 illum
576 2053 699 2097 proles
717 2054 825 2087 enixa
843 2051 1058 2096 Dymantis,

174 2099 346 2133 Aesacon
361 2099 539 2133 umbrosa
554 2099 686 2133 furtim
703 2111 796 2144 pepi
800 2100 871 2133 riss
876 2111 895 2133 e
913 2099 983 2133 sub
1001 2098 1072 2133 Ida

175 2145 318 2179 Fertur
334 2145 549 2186 Alexirhoe'‚
568 2145 731 2180 Granico
748 2154 838 2180 nata
852 2145 1006 2180 bicorni.

174 2190 317 2226 Oderat
333 2192 394 2226 hic
411 2192 535 2232 urbes,
552 2192 610 2226 ni
595 2191 699 2237 idaq
704 2204 747 2226 ue
764 2197 932 2227 remotus
949 2193 996 2226 ab
1012 2192 1100 2226 aula

176 2237 348 2273 Secretos
365 2244 513 2274 montes
532 2244 568 2272 et
585 2239 828 2273 inambitiosa
844 2238 990 2273 colebat
1320 2238 1387 2273 765

174 2283 290 2324 Rura,
306 2296 375 2319 nec
393 2285 529 2319 Iliacos
547 2292 676 2319 coetus
695 2286 769 2319 nisi
787 2297 896 2319 rarus
913 2285 1054 2320 adibat.

171 2330 259 2365 Non
277 2339 431 2376 agreste
448 2337 575 2366 tamen
594 2343 663 2366 nec
682 2331 973 2376 inexpugnabile
990 2331 1109 2365 amori
