1664 2624
514 214 844 242 METAMORPHOSES
874 216 924 241 xi.
1327 209 1374 246 21

165 304 270 338 Ante
285 315 537 343 reversurum,
555 315 666 348 quam
685 305 774 338 luna
791 305 848 339 bis
867 306 1020 350 impleat
1039 307 1201 342 orbem.’'

166 350 240 385 His
257 350 322 384 ubi
339 351 535 395 promissis
554 362 638 393 spes
658 358 713 385 est
730 351 881 386 admota
898 363 1086 393 recursus,

166 396 344 431 Protinus
362 397 535 431 eductam
555 397 751 431 navalibus
770 409 929 442 aequore
946 399 1082 444 tingui,
1308 402 1377 438 455

166 444 378 488 Aptarique
396 444 474 477 suis
491 444 624 488 pinum
640 443 750 489 jubet
768 446 1019 480 armamentis.

168 489 250 533 Qua
267 501 399 524 rursus
418 490 508 530 visa,
527 490 646 524 veluti
662 502 845 535 praesaga
863 490 995 530 futuri,

168 536 331 571 Horruit
348 536 516 581 Alcyone
534 537 784 582 lacrimasque
802 538 926 572 emisit
945 539 1106 579 obortas,

167 582 455 628 Amplexusque
472 582 589 622 dedit,
605 583 783 628 tristique
800 584 1011 618 miserrima
1027 585 1181 621 tandem

169 629 243 664 Ore
259 631 280 645 “
292 629 375 663 vale
387 629 407 641 ’'
425 629 532 669 dixit,
547 630 784 675 collapsaque
801 642 954 675 coi-pore
972 639 1054 666 toto
1071 637 1138 667 est.
1306 633 1376 669 460

166 675 241 710 Ast
252 674 424 720 juvenes,
441 680 642 720 quaerente
660 688 782 710 moras
801 676 930 722 Ceyce,
943 678 1129 714 reducunt

168 721 374 757 Ordinibus
392 722 554 766 geminis
571 723 617 756 ad
634 723 747 757 fortia
765 732 914 768 pectora
929 735 1064 765 remos,

167 768 403 814 Aequalique
420 769 499 803 ictu
518 769 698 803 scindunt
714 769 821 804 freta.
859 771 1016 805 sustulit
1034 771 1098 805 illa

167 815 351 850 Umentes
369 815 507 855 oculos,
525 821 764 861 stantemque
780 816 820 850 in
838 827 963 862 puppe
978 829 1134 853 recurva

169 861 436 906 Concussaque
453 873 569 896 manu
586 862 738 896 dantem
756 862 827 897 sibi
843 863 952 909 signa
968 865 1146 899 maritum
1306 867 1376 902 465

168 907 296 942 Prima
311 908 417 943 videt
434 908 634 954 redditque
651 913 761 943 notas
778 924 785 943 ε
811 909 875 944 ubi
891 917 993 944 terra
1009 912 1167 946 recessit

167 954 348 999 Longius,
365 961 478 1000 atque
495 955 592 990 oculi
608 960 802 1000 nequeunt
818 967 1042 1000 cognoscere
1062 957 1203 1000 vultus,

168 1000 270 1035 Dum
288 1001 387 1041 licet,
403 1001 619 1046 insequitur
635 1002 844 1045 fugientem
864 1003 1004 1038 lumine
1021 1004 1154 1048 pinum
1169 1021 1175 1039 :

167 1047 270 1082 Haec
286 1058 436 1093 quoque
453 1053 496 1082 ut
513 1048 614 1083 haud
630 1054 791 1094 poterat,
809 1049 932 1094 spatio
949 1057 1146 1091 summota,
1160 1051 1294 1092 videri,

166 1093 262 1128 Vela
277 1098 405 1129 tamen
423 1099 568 1139 spectat
585 1106 734 1130 summo
752 1096 939 1130 fluitantia
955 1096 1063 1131 malo.
1306 1098 1376 1135 470

167 1139 221 1175 Ut
237 1152 306 1175 nec
324 1141 407 1176 vela
423 1141 540 1182 videt,
553 1152 714 1176 vacuum
734 1143 827 1185 petit
843 1143 954 1177 anxia
969 1143 1120 1185 lectum,

168 1185 292 1233 Seque
309 1192 391 1222 toro
408 1188 524 1232 ponit.
561 1194 718 1223 renovat-
735 1189 931 1234 lectusque
948 1189 1127 1235 locusque

165 1233 356 1279 Alcyonae
370 1234 556 1275 lacrimas,
574 1239 612 1269 et
627 1246 723 1280 quae
740 1247 838 1280 pars,
852 1235 1042 1276 admonet,
1053 1236 1167 1273 absit.

165 1279 343 1315 Portibus
360 1281 538 1321 exierant,
556 1285 594 1316 et
611 1287 780 1316 moverat
796 1293 888 1316 aura
904 1282 1084 1318 rudentes
1099 1299 1106 1318 ε

166 1325 347 1362 Obvertit
363 1327 472 1362 lateri
490 1327 699 1373 pendentes
716 1328 845 1362 navita
862 1339 995 1368 remos,
1305 1330 1376 1368 475

166 1371 393 1419 Cornuaque
409 1374 448 1408 in
467 1385 614 1409 summa
630 1374 730 1409 locat
745 1375 886 1416 arbore,
906 1380 1061 1420 totaque
1078 1377 1174 1412 malo

166 1418 330 1454 Carbasa
346 1420 500 1455 deducit
517 1421 786 1467 venientesque
803 1421 938 1467 accipit
954 1433 1077 1457 auras.

165 1466 247 1501 Aut
264 1467 402 1507 minus,
419 1472 486 1502 aut
501 1472 604 1502 certe
620 1467 787 1502 medium
804 1479 880 1503 non
895 1468 1059 1513 amplius
1076 1480 1215 1515 aequor

166 1512 299 1558 Puppe
317 1513 525 1554 secabatur,
543 1514 730 1560 longeque
745 1519 826 1549 erat
841 1521 1002 1557 utraque
1018 1515 1142 1557 tellus,

167 1557 263 1593 Cum
281 1571 383 1594 mare
400 1560 470 1594 sub
487 1566 638 1595 noctem
654 1560 811 1596 tumidis
828 1561 1015 1597 albescere
1030 1563 1154 1608 coepit
1305 1563 1376 1600 480

167 1605 363 1640 Fluctibus
382 1610 420 1641 et
437 1617 613 1652 praeceps
631 1607 775 1652 spirare
791 1608 979 1642 valentius
997 1620 1122 1644 eurus.

167 1655 188 1669 ‘⁸
201 1652 334 1687 Ardua
349 1652 561 1696 jandudum
579 1653 768 1689 demittite
783 1654 958 1693 cornua,’'
975 1660 1098 1690 rector

168 1698 315 1734 Clamat
332 1702 352 1716 ‘⁶
366 1704 404 1734 et
420 1700 609 1734 antemnis
625 1704 746 1735 totum
766 1700 977 1736 subnectite
993 1702 1155 1736 velum.”

168 1745 242 1780 Hic
258 1744 367 1791 jubet
383 1761 390 1780 ε
415 1746 627 1791 impediunt
643 1747 824 1782 adversae
840 1746 948 1792 jussa
964 1747 1161 1793 procellae,

167 1790 249 1827 Nec
266 1792 356 1827 sinit
372 1793 498 1827 audiri
514 1805 642 1828 vocem
659 1793 788 1837 fragor
803 1794 974 1839 aequoris
993 1794 1118 1829 ullam.
1305 1794 1375 1832 485

170 1837 314 1883 Sponte
329 1843 456 1874 tamen
474 1844 677 1884 properant
694 1840 758 1874 alii
774 1840 983 1875 subducere
999 1852 1132 1881 remos,

167 1883 261 1919 Pars
278 1886 424 1919 munire
442 1886 553 1927 latus,
570 1897 658 1931 pars
674 1886 798 1921 ventis
815 1887 899 1921 vela
914 1898 1050 1933 negare
1065 1903 1072 1921 :

168 1930 303 1976 Egerit
319 1931 379 1965 hic
397 1931 549 1973 fluctus,
566 1944 778 1978 aequorque
795 1933 965 1968 refundit
982 1934 1021 1968 in
1037 1945 1188 1979 aequor,

168 1977 243 2012 Hjc
257 1978 357 2023 rapit
373 1984 582 2014 antemnas.
618 1991 715 2024 quae
732 1979 823 2013 dum
840 1980 921 2014 sine
937 1980 1020 2025 lege
1037 1983 1234 2024 geruntur,

168 2022 316 2069 Aspera
331 2025 466 2059 crescit
482 2025 615 2066 hiems,
632 2026 809 2071 omnique
825 2037 845 2061 e
862 2031 970 2071 parte
987 2026 1127 2062 feroces
1305 2026 1377 2064 490

169 2069 275 2105 Bella
291 2078 430 2115 gerunt
447 2072 549 2106 venti
566 2071 739 2116 fretaque
756 2071 992 2117 indignantia
1008 2073 1177 2109 miscent.

169 2116 259 2162 Ipse
275 2122 398 2162 pavet,
417 2129 484 2152 nec
501 2129 551 2158 ne,
570 2119 635 2164 qui
654 2119 705 2153 sit
722 2123 857 2158 status,
876 2119 957 2164 ipse
974 2119 1117 2155 fatetur

171 2162 278 2198 Scire
294 2164 386 2198 ratis
403 2170 537 2205 rector,
555 2177 623 2199 nec
639 2165 730 2210 quid
746 2165 934 2209 jubeatve,
947 2172 1097 2201 vetetve
1111 2181 1119 2201 ε

169 2208 290 2244 Tanta
305 2210 395 2244 mali
412 2211 539 2250 moles,
557 2216 739 2256 tantoque
756 2212 946 2256 potentior
962 2218 1044 2247 arte
1061 2217 1130 2247 est.

172 2254 320 2301 Quippe
337 2262 472 2291 sonant
489 2257 649 2292 clamore
665 2257 747 2298 viri,
766 2257 928 2293 stridore
945 2258 1135 2299 rudentes,
1302 2259 1373 2295 495

170 2301 374 2337 Undarum
391 2303 547 2338 incursu
564 2304 690 2349 gravis
708 2304 822 2344 unda,
839 2305 1046 2340 tonitribus
1064 2305 1205 2341 aether.

170 2347 369 2383 Fluctibus
386 2349 548 2394 erigitur
563 2350 782 2396 caelumque
797 2361 957 2397 aequare
973 2351 1125 2387 videtur
