1664 2624
517 183 848 211 METAMORPHOSES
876 184 926 210 xi.
1327 175 1375 212 15

169 273 287 318 Copia
303 274 408 309 nulla
423 274 561 308 famem
580 273 740 313 relevat;
769 274 855 308 sitis
872 273 979 307 arida
995 280 1131 317 guttur

168 320 268 360 Urit,
286 325 324 355 et
337 320 460 354 inviso
477 320 636 354 meritus
653 324 853 364 torquetur
869 320 915 354 ab
932 331 1034 354 auro.
1308 321 1376 356 130

166 366 231 401 Ad
246 367 488 411 calaeumque
504 377 639 400 manus
657 374 695 400 et
712 365 909 410 splendida
924 366 1099 401 bracchla
1116 366 1263 407 tollens,

168 415 190 429 “
201 412 260 448 Da
275 413 436 453 veniam,
455 412 602 446 Lenaee
619 416 728 457 pater
743 413 750 446 Ι
775 412 1014 457 peccavimus
1027 426 1036 453 ς
1051 411 1072 427 ”
1089 413 1214 458 inquit

168 461 190 476 “
204 459 278 494 Sed
294 459 485 499 miserere,
503 470 646 503 precor,
665 459 907 504 speciosoque
921 459 1022 503 eripe
1038 458 1209 494 damno.’'

167 505 264 540 Mite
280 505 392 540 deum
409 516 550 539 numen
567 505 738 540 Bacchus
755 516 932 547 peccasse
947 504 1133 540 fatentem

167 551 365 592 Restituit,
382 551 549 596 factique
565 551 640 586 fide
656 551 747 586 data
763 563 920 585 munera
937 551 1061 586 solvit.
1305 550 1374 587 135

168 600 190 615 “
201 597 308 632 Neve
325 599 422 632 male
439 602 572 642 opt-ato
587 609 739 632 maneas
756 597 993 632 circumlitus
1009 608 1112 633 auro.

165 643 306 679 Vade”
322 646 377 679 ait
394 646 472 679 “ad
491 644 640 689 magnis
659 644 827 678 vicinum
846 643 1028 678 Sardibus
1045 656 1205 686 amnem,

166 690 314 736 Perque
325 690 463 736 jugum
482 691 620 725 montis
638 690 854 724 labentibus
871 690 1004 724 obvius
1021 690 1135 725 undis

168 737 289 782 Carpe
304 738 417 777 viam,
435 737 552 771 donec
569 736 698 771 venias
716 736 764 770 ad
781 736 949 770 fluminis
966 740 1072 771 ortus
1087 752 1095 777 ;

167 782 468 828 Spumigeroque
486 788 595 817 tuum
612 782 721 823 fonti,
739 794 815 828 qua
830 782 1019 827 plurimus
1037 783 1124 819 exit.
1308 783 1375 818 140

167 828 294 864 Subde
311 837 435 874 caput,
453 840 664 874 corpusque
681 829 805 869 simul,
823 829 937 862 simul
953 829 1037 864 elue
1055 828 1233 864 crimen.”

165 875 246 910 Rex
263 875 392 921 jussae
409 875 576 910 succedit
593 887 722 920 aquae.
759 875 816 909 vis
832 886 947 909 aurea
963 876 1077 910 tinxit

166 921 342 962 Flumen,
355 926 393 957 et
410 922 575 956 humano
592 922 638 955 de
655 932 809 966 corpore
825 922 941 956 cessit
957 922 998 955 in
1014 933 1174 956 amnem.

163 967 279 1003 Nunc
295 979 444 1014 quoque
459 968 538 1013 jam
555 968 695 1002 veteris
711 972 889 1013 percepto
906 967 1049 1002 semine
1065 979 1182 1002 venae

163 1014 269 1049 Arva
284 1015 412 1059 rigent
427 1026 518 1049 auro
535 1014 694 1048 madidis
712 1014 894 1059 pallentia
909 1014 1064 1058 glaebis.
1307 1014 1374 1050 145

209 1060 289 1101 Ille,
307 1072 464 1106 perosus
481 1072 583 1105 opes,
601 1061 716 1095 silvas
736 1068 773 1095 et
789 1072 881 1095 rura
895 1061 1051 1102 colebat,

162 1106 342 1153 Panaque
358 1108 548 1142 montanis
565 1107 802 1142 habitantem
819 1118 970 1152 semper
985 1107 1024 1141 in
1040 1107 1172 1141 antris.

162 1152 310 1198 Pingue
323 1155 390 1188 sed
407 1154 603 1199 ingenium
619 1154 783 1194 mansit3
807 1154 1066 1199 nocituraque,
1083 1159 1128 1188 ut
1145 1156 1245 1196 ante,

164 1199 314 1235 Rursus
332 1205 439 1235 erant
456 1200 608 1234 domino
626 1199 784 1234 stolidae
800 1199 1016 1245 praecordia
1032 1200 1184 1234 mentis.

161 1245 260 1280 Nam
278 1246 377 1281 freta
392 1247 626 1291 prospiciens
641 1246 720 1280 late
735 1246 838 1291 riget
853 1246 998 1281 arduus
1015 1246 1094 1281 alto

161 1292 317 1327 Tmolus
335 1293 375 1327 in
391 1305 564 1333 ascensu,
581 1293 753 1338 clivoque
769 1296 950 1327 extensus
968 1296 1130 1338 utroque

162 1337 348 1373 Sardibus
366 1339 466 1379 hinc,
483 1339 586 1374 illinc
602 1340 731 1382 parvis
747 1338 881 1373 finitur
896 1338 1104 1384 Hypaepis.

161 1383 243 1419 Pan
260 1385 313 1420 ibi
330 1385 420 1419 dum
438 1385 579 1420 teneris
596 1384 715 1429 jactat
732 1396 801 1419 sua
817 1386 983 1420 carmina
999 1386 1178 1431 nymphis

160 1431 213 1466 Et
227 1431 310 1466 leve
326 1437 451 1466 cerata
466 1431 685 1466 modulatur
701 1431 914 1466 harundine
929 1443 1092 1473 carmen,

160 1477 292 1512 Ausus
309 1478 529 1522 Apollineos
546 1489 635 1523 prae
653 1489 694 1512 se
709 1482 949 1512 contemnere
967 1482 1112 1519 cantus,
1303 1479 1371 1515 155

159 1523 185 1557 J
187 1524 295 1558 udice
312 1524 382 1558 sub
400 1524 531 1558 Tmolo
548 1528 738 1558 certamen
755 1525 860 1559 venit
876 1524 924 1558 ad
941 1524 1059 1569 inpar.

159 1569 293 1605 Monte
311 1581 379 1604 suo
397 1571 520 1605 senior
536 1570 651 1615 judex
669 1571 853 1611 consedit,
871 1575 909 1605 et
925 1582 1036 1605 aures

160 1615 317 1651 Liberat
334 1616 530 1651 arboribus
545 1631 553 1658 ;
581 1628 722 1662 quercu
740 1628 846 1651 coma
864 1617 1014 1651 caerula
1030 1622 1181 1652 tantum

160 1662 351 1706 Cingitur,
370 1668 408 1698 et
425 1663 593 1708 pendent
610 1663 752 1697 circum
771 1675 862 1698 cava
877 1667 1047 1707 tempora
1063 1664 1230 1708 glandes.

159 1708 276 1754 Isque
294 1709 406 1743 deum
422 1710 568 1754 pecoris
583 1717 760 1754 spectans
778 1713 798 1727 “
813 1710 852 1743 in
868 1709 997 1755 judice
1011 1709 1030 1723 ’⁹
1048 1710 1145 1745 dixit
1301 1711 1369 1747 160

159 1757 180 1772 “
192 1754 310 1789 Nulla
322 1767 429 1790 mora
445 1755 539 1790 est.”
579 1756 731 1790 calamis
748 1755 965 1801 agrestibus
982 1757 1134 1791 insonat
1150 1757 1234 1792 ille:

158 1801 434 1847 Barbaricoque
451 1802 762 1837 Midan-aderat
778 1814 865 1837 nam
884 1802 980 1836 forte
997 1803 1198 1837 canenti—

158 1846 335 1882 carmine
354 1849 507 1883 delenit.
545 1853 632 1893 post
649 1848 751 1883 hunc
770 1860 874 1883 sacer
891 1860 956 1883 ora
971 1849 1126 1884 retorsit

157 1893 313 1928 Tmolus
330 1894 378 1928 ad
395 1906 437 1929 os
454 1895 615 1935 Phoebi3
641 1895 789 1928 vultum
808 1907 876 1929 sua
893 1895 989 1929 silva
1006 1900 1134 1930 secuta
1151 1899 1219 1931 est.

158 1939 228 1974 Ille
245 1947 359 1985 caput
376 1941 516 1975 flavum
533 1941 638 1975 lauro
655 1940 863 1976 Parnaside
879 1941 1031 1976 vinctus
1299 1941 1366 1978 165

155 1985 290 2021 Verrit
306 1986 466 2021 humum
484 1987 600 2032 Tyrio
617 1992 790 2022 saturata
806 1987 949 2021 murice
965 1987 1066 2032 palla
1080 2003 1086 2021 :

156 2031 453 2078 Instrictamque
471 2033 582 2068 fidem
600 2034 761 2078 gemmis
777 2038 816 2068 et
832 2033 1011 2068 dentibus
1030 2033 1137 2068 Indis

158 2078 334 2114 Sustinet
351 2091 373 2114 a
390 2080 516 2114 laeva:
541 2080 666 2115 tenuit
681 2091 818 2114 manus
834 2080 954 2115 altera
969 2079 1166 2124 plectrum.

156 2124 327 2160 Artificis
345 2130 470 2160 status
488 2126 569 2170 ipse
583 2125 671 2160 fuit.
706 2131 791 2161 tum
809 2127 973 2161 stamina
989 2126 1100 2160 docto

155 2169 295 2206 Pollice
313 2172 503 2212 sollicitat,
520 2183 683 2217 quorum
700 2172 896 2207 dulcedine
913 2178 1047 2217 captus
1298 2172 1366 2210 170

154 2216 260 2252 Pana
274 2216 385 2262 jubet
401 2217 557 2253 Tmolus
574 2218 739 2253 citharae
757 2219 996 2253 summittere
1012 2230 1164 2254 cannas.

155 2263 352 2299 Judicium
369 2265 569 2310 sanctique
585 2264 711 2309 placet
728 2266 917 2300 sententia
933 2265 1074 2300 montis

154 2309 354 2345 Omnibus.
388 2311 568 2356 arguitur
582 2315 709 2346 tamen
721 2315 837 2356 atque
854 2310 1000 2356 injusta
1014 2316 1174 2346 vocatur
