1664 2624
541 189 871 216 METAMORPHOSES
900 189 949 215 m.
1352 179 1402 217 23

193 279 295 314 Huic
312 291 396 314 cum
415 279 636 325 pignoribus
654 279 801 318 domus,
818 283 856 313 et
873 279 973 324 quod
990 280 1125 324 cuique
1141 279 1314 314 relictum
1331 285 1402 315 est.

196 327 366 379 Alcyone
383 326 505 379 Ceyca
521 330 668 367 movet3
695 325 856 370 Ceycis
846 337 886 359 m
903 336 966 359 ore

193 372 312 407 Nulla
328 373 401 407 nisi
418 373 589 418 Alcyone
606 376 687 408 est.
714 377 751 407 et
769 383 856 406 cum
873 371 1065 406 desideret
1082 383 1208 413 unam,
1335 373 1403 408 545

195 419 343 454 Gaudet
359 419 490 454 abesse
507 422 647 453 tamen.
683 419 827 464 patriae
834 429 992 469 quoque
1009 418 1121 453 vellet
1138 419 1186 453 ad
1203 431 1286 454 oras

192 465 405 510 Respicere,
422 466 536 511 inque
554 466 708 500 domum
727 477 921 517 supremos
938 469 1087 500 vertere
1103 466 1257 501 vultus:

191 512 338 546 Verum
355 512 419 546 ubi
437 513 500 553 sit,
518 512 658 553 nescit3
683 516 791 546 tanta
806 511 995 556 vertigine
1011 515 1151 556 pontus

193 559 343 599 Fervet,
361 563 399 594 et
416 559 574 593 inducta
589 558 703 604 piceis
720 570 740 592 e
756 559 922 593 nubibus
938 558 1073 593 umbra

195 604 316 639 Omne
333 606 426 640 latet
442 606 599 644 caelum,
616 605 881 650 duplicataque
898 605 1022 639 noctis
1039 605 1165 650 imago
1179 610 1248 641 est.
1335 605 1404 642 550

194 651 402 697 Frangitur
419 652 573 686 incursu
594 651 757 686 nimbosi
774 651 936 686 turbinis
953 651 1085 692 arbor3

191 697 402 743 Frangitur
419 702 456 732 et
472 699 642 743 regimen
657 714 664 732 z
691 697 896 743 spoliisque
913 698 1082 732 animosa
1098 703 1293 744 superstes

192 744 315 785 Unda,
333 745 439 779 velut
455 745 601 784 victrix,
618 745 844 789 sinuataque
861 744 1022 789 despicit
1038 745 1162 780 undas
1177 761 1184 780 z

191 790 274 825 Nec
290 792 424 831 levius,
442 803 554 836 quam
572 791 689 836 siquis
708 791 840 825 Athon
859 791 1071 826 Pindumve
1088 793 1258 828 revulsos

195 836 292 872 Sede
309 849 378 872 sua
394 842 495 873 totos
514 838 552 872 in
570 843 742 890 apertum
760 838 940 872 everterit
957 849 1108 882 aequor,
1335 839 1403 875 555

192 883 444 929 Praecipitata
460 884 572 923 cadit,
590 884 806 929 pariterque
823 887 860 918 et
878 884 1045 928 pondere
1060 888 1097 918 et
1115 885 1195 920 ictu

192 930 360 975 Mergit
351 943 388 965 in
407 931 482 965 ima
499 936 629 971 ratem,
642 942 728 965 cum
745 942 822 976 qua
837 941 923 985 pars
941 942 1081 975 magna
1096 932 1264 966 virorum

193 976 355 1022 Gurgite
371 988 502 1022 pressa
519 978 627 1023 gravi
643 988 765 1022 neque
781 977 820 1011 in
837 979 924 1011 aera
943 977 1091 1011 reddita
1107 977 1188 1014 fato

194 1023 345 1058 Functa
360 1035 428 1058 suo
446 1028 516 1059 est.
552 1023 617 1058 alii
634 1029 759 1068 partes
777 1028 815 1058 et
832 1023 1000 1058 membra
1017 1024 1163 1059 carinae

191 1069 341 1105 Trunca
356 1074 501 1105 tenent.
538 1074 647 1105 tenet
660 1070 740 1115 ipse
753 1082 880 1110 manu,
893 1081 969 1115 qua
982 1075 1130 1114 sceptra
1143 1071 1297 1113 solebat,
1335 1070 1403 1106 560

192 1116 266 1151 Fra
268 1117 397 1161 gmina
414 1117 556 1162 navigii
573 1116 687 1161 Ceyzz
707 1128 954 1162 socerumque
971 1120 1192 1170 patremque

192 1162 351 1198 Invocat
368 1163 465 1198 heu.
458 1164 464 1187 ¹
490 1164 643 1198 frustra.
681 1163 746 1197 sed
765 1164 928 1216 plurima
944 1164 1072 1198 nantis
1089 1164 1127 1197 in
1145 1176 1209 1199 ore

192 1209 361 1254 Alcyone
378 1209 555 1255 conjunx
590 1210 694 1244 illam
711 1210 958 1255 meminitque
973 1209 1184 1256 refertque:

193 1255 301 1291 Illius
318 1262 406 1291 ante
422 1256 548 1291 oculos
566 1260 610 1291 ut
625 1260 741 1301 agant
759 1268 829 1290 sua
846 1268 1003 1300 corpoza
1020 1257 1171 1298 fluctus,

194 1302 322 1348 Optat,
340 1308 378 1338 et
396 1303 576 1337 exanimis
595 1303 769 1338 manibus
787 1303 1000 1337 tumuletur
1014 1304 1157 1338 amicis.
1334 1304 1400 1339 565

192 1348 295 1383 Dum
311 1356 430 1390 nat-at,
447 1349 651 1389 absentem,
669 1349 843 1394 quotiens
862 1349 952 1384 sinit
969 1349 1115 1384 hiscere
1133 1350 1285 1386 fluctus.

194 1395 378 1430 Nominat
395 1396 603 1441 Alcyonen,
622 1396 790 1441 ipsisque
806 1396 1062 1431 inmurmurat
1080 1397 1203 1432 undis.

193 1442 293 1477 Ecce
310 1454 424 1486 super
441 1443 584 1477 medios
603 1442 742 1477 fluctus
761 1443 870 1487 niger
885 1454 994 1477 arcus
1011 1455 1195 1488 aquarum

195 1488 414 1534 Frangitur,
432 1494 470 1524 et
488 1494 603 1534 rupta
619 1500 785 1523 mersum
803 1495 916 1533 caput
931 1490 1060 1524 obruit
1077 1490 1189 1525 unda.

193 1535 347 1570 Lucifer
363 1535 561 1575 obscurus,
578 1546 646 1570 nec
663 1547 776 1580 quem
793 1547 1019 1581 cognoscere
1036 1548 1179 1582 posses,
1334 1536 1402 1571 570

194 1581 268 1616 Illa
283 1581 366 1616 luce
384 1581 476 1616 fuit:
503 1581 755 1634 quoniamque
771 1582 948 1617 excedere
966 1583 1068 1617 caelo

192 1627 282 1663 Non
298 1628 416 1669 licuit,
434 1627 561 1663 densis
578 1629 673 1663 texit
691 1640 758 1663 sua
775 1629 938 1663 nubibus
957 1641 1031 1663 ora.

239 1674 369 1709 Aeolis
386 1675 529 1709 interea
545 1679 735 1710 tantorum
755 1675 888 1720 ignara
905 1676 1089 1710 malorum

194 1721 418 1756 Dinumerat
434 1726 562 1756 noctes
577 1737 584 1755 :
610 1726 649 1756 et
663 1722 751 1767 jam,
769 1733 863 1766 quas
882 1722 1014 1757 induat
1029 1723 1103 1764 ille,

194 1767 367 1802 Festinat
385 1771 521 1808 vestes,
537 1767 615 1812 jam
633 1779 737 1813 quas,
758 1769 820 1803 ubi
837 1769 982 1803 venerit
998 1769 1072 1810 ille,
1335 1769 1403 1805 575

193 1814 285 1859 Ipsa
302 1818 419 1856 gerat,
437 1814 659 1859 reditusque
677 1815 747 1849 sibi
766 1815 956 1859 promittit
973 1815 1114 1850 inanes.

195 1860 382 1895 Omnibus
400 1861 466 1895 illa
481 1861 633 1905 quidem
653 1862 801 1906 superis
819 1862 881 1906 pia
896 1869 982 1896 tura
997 1862 1164 1898 ferebat:

194 1907 297 1942 Ante
309 1912 437 1941 tamen
453 1912 609 1942 cunctos
625 1907 649 1942 J
653 1909 788 1943 unonis
805 1908 947 1952 templa
961 1908 1117 1949 colebat,

195 1953 343 1999 Proque
361 1954 452 1993 viro,
470 1955 535 1999 qui
553 1955 679 1988 nullus
697 1958 788 1993 erat,
805 1955 980 1989 veniebat
996 1955 1043 1990 ad
1061 1967 1156 1995 aras,

194 1999 324 2046 thue
340 2000 435 2035 foret
452 2012 582 2046 sospes
601 2000 766 2045 conjunx
786 2013 892 2041 311113,
910 2007 1028 2047 utque
1045 2003 1196 2043 rediret,
1336 2003 1404 2038 580

196 2045 255 2091 Op
259 2046 373 2087 tabat,
390 2047 607 2099 nullamque
625 2047 695 2081 31111
714 2048 933 2092 praeferret.
970 2052 1010 2082 at
1027 2049 1081 2082 illi

197 2092 282 2127 Hoc
299 2093 345 2127 de
362 2098 421 2128 tot
438 2105 461 2126 v
463 2094 537 2127 otis
554 2099 702 2138 poterat
719 2095 939 2135 continffere
957 2095 1088 2129 solum.

241 2139 294 2174 At
312 2139 381 2174 dea
397 2151 471 2174 non
490 2140 591 2174 ultra
607 2152 676 2184 pro
692 2139 825 2175 functo
842 2138 963 2176 morte
981 2142 1105 2187 rogari

200 2185 395 2227 Sustinet3
422 2190 542 2245 u'tque
561 2198 694 2220 manus
712 2187 882 2222 funestas
900 2171 1047 2222 ammte:
1041 2189 1128 2230 aris,

197 2231 296 2273 “Iri‚
315 2232 440 2266 meae’
445 2233 591 2267 'dixit‘
597 2233 801 2268 fidissima
818 2234 952 2269 nuntia
970 2235 1082 2275 xocis,
1339 2235 1405 2270 585

197 2278 291 2313 Vise
307 2278 550 2323 soporiferam
571 2279 701 2314 Somni
720 2281 901 2314 velociter
915 2281 1052 2321 aulam,

197 2324 461 2370 Exstinctique
477 2325 568 2369 jube
587 2325 718 2370 Ceycis
737 2327 900 2371 imagine
918 2328 1046 2362 mittat
