<?xml version="1.0" encoding="UTF-8"?>
<!DOCTYPE html PUBLIC "-//W3C//DTD XHTML 1.0 Transitional//EN"
    "http://www.w3.org/TR/xhtml1/DTD/xhtml1-transitional.dtd">
<html xmlns="http://www.w3.org/1999/xhtml" xml:lang="en" lang="en">
 <head>
  <title>
</title>
<meta http-equiv="Content-Type" content="text/html;charset=utf-8" />
  <meta name='ocr-system' content='tesseract 3.04.00' />
  <meta name='ocr-capabilities' content='ocr_page ocr_carea ocr_par ocr_line ocrx_word'/>
</head>
<body>
  <div class='ocr_page' id='page_1' title='image "./metamorphosesboo00oviduoft/metamorphosesboo00oviduoft_0050.png"; bbox 0 0 1664 2624; ppageno 0'>
   <div class='ocr_carea' id='block_1_1' title="bbox 209 185 261 227">
    <p class='ocr_par' dir='ltr' id='par_1_1' title="bbox 209 185 261 227">
     <span class='ocr_line' id='line_1_1' title="bbox 209 185 261 227; baseline -0.019 0"><span class='ocrx_word' id='word_1_1' title='bbox 209 185 261 227; x_wconf 83' lang='lat'>14</span> 
     </span>
    </p>
   </div>
   <div class='ocr_carea' id='block_1_2' title="bbox 646 195 1054 223">
    <p class='ocr_par' dir='ltr' id='par_1_2' title="bbox 646 195 1054 223">
     <span class='ocr_line' id='line_1_2' title="bbox 646 195 1054 223; baseline 0 -1"><span class='ocrx_word' id='word_1_2' title='bbox 646 195 976 223; x_wconf 81' lang='lat' dir='ltr'>METAMORPHOSES</span> <span class='ocrx_word' id='word_1_3' title='bbox 1003 196 1054 222; x_wconf 80' lang='lat' dir='ltr'>XI.</span> 
     </span>
    </p>
   </div>
   <div class='ocr_carea' id='block_1_3' title="bbox 299 285 1164 332">
    <p class='ocr_par' dir='ltr' id='par_1_3' title="bbox 299 285 1164 332">
     <span class='ocr_line' id='line_1_3' title="bbox 299 285 1164 332; baseline -0.002 -9"><span class='ocrx_word' id='word_1_4' title='bbox 299 288 395 323; x_wconf 83' lang='lat' dir='ltr'>Esse</span> <span class='ocrx_word' id='word_1_5' title='bbox 410 290 522 332; x_wconf 87' lang='lat' dir='ltr'>putes</span> <span class='ocrx_word' id='word_1_6' title='bbox 538 297 675 327; x_wconf 88' lang='lat' dir='ltr'>ramos,</span> <span class='ocrx_word' id='word_1_7' title='bbox 693 289 731 320; x_wconf 93' lang='lat' dir='ltr'>et</span> <span class='ocrx_word' id='word_1_8' title='bbox 748 297 824 320; x_wconf 92' lang='lat' dir='ltr'>non</span> <span class='ocrx_word' id='word_1_9' title='bbox 839 285 968 320; x_wconf 79' lang='lat' dir='ltr'>fallare</span> <span class='ocrx_word' id='word_1_10' title='bbox 984 286 1164 330; x_wconf 84' lang='lat' dir='ltr'>put-ando.</span> 
     </span>
    </p>
   </div>
   <div class='ocr_carea' id='block_1_4' title="bbox 297 332 1497 385">
    <p class='ocr_par' dir='ltr' id='par_1_4' title="bbox 297 332 1497 385">
     <span class='ocr_line' id='line_1_4' title="bbox 297 332 1497 385; baseline 0.002 -16"><span class='ocrx_word' id='word_1_11' title='bbox 297 334 379 369; x_wconf 89' lang='lat' dir='ltr'>Nec</span> <span class='ocrx_word' id='word_1_12' title='bbox 395 333 487 368; x_wconf 81' lang='lat' dir='ltr'>satis</span> <span class='ocrx_word' id='word_1_13' title='bbox 504 333 573 367; x_wconf 92' lang='lat' dir='ltr'>hoc</span> <span class='ocrx_word' id='word_1_14' title='bbox 589 332 738 367; x_wconf 89' lang='lat' dir='ltr'>Baccho</span> <span class='ocrx_word' id='word_1_15' title='bbox 753 335 822 366; x_wconf 90' lang='lat' dir='ltr'>est.</span> <span class='ocrx_word' id='word_1_16' title='bbox 857 332 959 377; x_wconf 87' lang='lat' dir='ltr'>ipsos</span> <span class='ocrx_word' id='word_1_17' title='bbox 976 343 1123 385; x_wconf 87' lang='lat' dir='ltr'>quoque</span> <span class='ocrx_word' id='word_1_18' title='bbox 1139 333 1279 369; x_wconf 84' lang='lat' dir='ltr'>deserit</span> <span class='ocrx_word' id='word_1_19' title='bbox 1295 345 1419 380; x_wconf 84' lang='lat' dir='ltr'>agros,</span> <span class='ocrx_word' id='word_1_20' title='bbox 1451 335 1497 370; x_wconf 85' lang='lat'>85</span> 
     </span>
    </p>
   </div>
   <div class='ocr_carea' id='block_1_5' title="bbox 297 378 1212 517">
    <p class='ocr_par' dir='ltr' id='par_1_5' title="bbox 297 378 1212 517">
     <span class='ocr_line' id='line_1_5' title="bbox 299 378 1140 425; baseline -0.004 -10"><span class='ocrx_word' id='word_1_21' title='bbox 299 381 470 425; x_wconf 83' lang='lat' dir='ltr'>Cumque</span> <span class='ocrx_word' id='word_1_22' title='bbox 484 379 598 414; x_wconf 87' lang='lat' dir='ltr'>choro</span> <span class='ocrx_word' id='word_1_23' title='bbox 614 379 766 413; x_wconf 88' lang='lat' dir='ltr'>meliore</span> <span class='ocrx_word' id='word_1_24' title='bbox 784 378 844 412; x_wconf 87' lang='lat' dir='ltr'>sui</span> <span class='ocrx_word' id='word_1_25' title='bbox 859 378 990 412; x_wconf 84' lang='lat' dir='ltr'>vineta</span> <span class='ocrx_word' id='word_1_26' title='bbox 1005 378 1140 413; x_wconf 80' lang='lat' dir='ltr'>Timoli</span> 
     </span>
     <span class='ocr_line' id='line_1_6' title="bbox 297 425 1212 477; baseline -0.001 -15"><span class='ocrx_word' id='word_1_27' title='bbox 297 427 552 470; x_wconf 75' lang='lat' dir='ltr'>Pactolonque</span> <span class='ocrx_word' id='word_1_28' title='bbox 567 425 683 477; x_wconf 72' lang='lat' dir='ltr'>petit;</span> <span class='ocrx_word' id='word_1_29' title='bbox 710 425 884 470; x_wconf 87' lang='lat' dir='ltr'>quamvis</span> <span class='ocrx_word' id='word_1_30' title='bbox 900 436 977 458; x_wconf 91' lang='lat' dir='ltr'>non</span> <span class='ocrx_word' id='word_1_31' title='bbox 992 435 1131 460; x_wconf 82' lang='lat' dir='ltr'>aureus</span> <span class='ocrx_word' id='word_1_32' title='bbox 1147 425 1212 461; x_wconf 93' lang='lat' dir='ltr'>illo</span> 
     </span>
     <span class='ocr_line' id='line_1_7' title="bbox 299 471 1177 517; baseline -0.002 -9"><span class='ocrx_word' id='word_1_33' title='bbox 299 473 481 517; x_wconf 87' lang='lat' dir='ltr'>Tempore</span> <span class='ocrx_word' id='word_1_34' title='bbox 497 483 566 506; x_wconf 89' lang='lat' dir='ltr'>nec</span> <span class='ocrx_word' id='word_1_35' title='bbox 581 471 676 506; x_wconf 89' lang='lat' dir='ltr'>caris</span> <span class='ocrx_word' id='word_1_36' title='bbox 693 474 774 505; x_wconf 88' lang='lat' dir='ltr'>erat</span> <span class='ocrx_word' id='word_1_37' title='bbox 786 471 997 505; x_wconf 88' lang='lat' dir='ltr'>invidiosus</span> <span class='ocrx_word' id='word_1_38' title='bbox 1014 471 1177 506; x_wconf 82' lang='lat' dir='ltr'>harenis.</span> 
     </span>
    </p>
   </div>
   <div class='ocr_carea' id='block_1_6' title="bbox 299 517 1407 564">
    <p class='ocr_par' dir='ltr' id='par_1_6' title="bbox 299 517 1407 564">
     <span class='ocr_line' id='line_1_8' title="bbox 299 517 1407 564; baseline 0.001 -10"><span class='ocrx_word' id='word_1_39' title='bbox 299 519 412 554; x_wconf 83' lang='lat' dir='ltr'>Hunc</span> <span class='ocrx_word' id='word_1_40' title='bbox 429 521 582 553; x_wconf 86' lang='lat' dir='ltr'>assueta</span> <span class='ocrx_word' id='word_1_41' title='bbox 598 518 730 551; x_wconf 85' lang='lat' dir='ltr'>cohors</span> <span class='ocrx_word' id='word_1_42' title='bbox 748 517 867 562; x_wconf 82' lang='lat' dir='ltr'>satyri</span> <span class='ocrx_word' id='word_1_43' title='bbox 882 517 1118 562; x_wconf 81' lang='lat' dir='ltr'>bacchaeque</span> <span class='ocrx_word' id='word_1_44' title='bbox 1138 518 1407 564; x_wconf 74' lang='lat' dir='ltr'>frequentant:</span> 
     </span>
    </p>
   </div>
   <div class='ocr_carea' id='block_1_7' title="bbox 297 563 1326 1027">
    <p class='ocr_par' dir='ltr' id='par_1_7' title="bbox 297 563 1317 748">
     <span class='ocr_line' id='line_1_9' title="bbox 297 563 1317 611; baseline 0.001 -11"><span class='ocrx_word' id='word_1_45' title='bbox 297 565 352 600; x_wconf 90' lang='lat' dir='ltr'>At</span> <span class='ocrx_word' id='word_1_46' title='bbox 372 565 522 600; x_wconf 85' lang='lat' dir='ltr'>Silenus</span> <span class='ocrx_word' id='word_1_47' title='bbox 539 564 657 598; x_wconf 88' lang='lat' dir='ltr'>abest.</span> <span class='ocrx_word' id='word_1_48' title='bbox 690 563 922 598; x_wconf 72' lang='lat' dir='ltr'>titubantem</span> <span class='ocrx_word' id='word_1_49' title='bbox 938 564 1123 609; x_wconf 88' lang='lat' dir='ltr'>annisque</span> <span class='ocrx_word' id='word_1_50' title='bbox 1139 576 1317 611; x_wconf 85' lang='lat' dir='ltr'>meroque</span> 
     </span>
     <span class='ocr_line' id='line_1_10' title="bbox 298 609 1260 655; baseline 0 -9"><span class='ocrx_word' id='word_1_51' title='bbox 298 612 493 646; x_wconf 84' lang='lat' dir='ltr'>Ruricolae</span> <span class='ocrx_word' id='word_1_52' title='bbox 509 622 639 655; x_wconf 88' lang='lat' dir='ltr'>cepere</span> <span class='ocrx_word' id='word_1_53' title='bbox 655 609 839 654; x_wconf 86' lang='lat' dir='ltr'>Phryges,</span> <span class='ocrx_word' id='word_1_54' title='bbox 855 610 1100 655; x_wconf 87' lang='lat' dir='ltr'>vinctumque</span> <span class='ocrx_word' id='word_1_55' title='bbox 1114 612 1260 646; x_wconf 87' lang='lat' dir='ltr'>coronis</span> 
     </span>
     <span class='ocr_line' id='line_1_11' title="bbox 297 656 1287 703; baseline 0 -10"><span class='ocrx_word' id='word_1_56' title='bbox 297 658 361 693; x_wconf 92' lang='lat' dir='ltr'>Ad</span> <span class='ocrx_word' id='word_1_57' title='bbox 375 669 503 703; x_wconf 88' lang='lat' dir='ltr'>regem</span> <span class='ocrx_word' id='word_1_58' title='bbox 519 657 659 691; x_wconf 82' lang='lat' dir='ltr'>duxere</span> <span class='ocrx_word' id='word_1_59' title='bbox 674 656 818 696; x_wconf 86' lang='lat' dir='ltr'>Midan,</span> <span class='ocrx_word' id='word_1_60' title='bbox 834 656 896 690; x_wconf 89' lang='lat' dir='ltr'>cui</span> <span class='ocrx_word' id='word_1_61' title='bbox 911 656 1094 691; x_wconf 87' lang='lat' dir='ltr'>Thracius</span> <span class='ocrx_word' id='word_1_62' title='bbox 1111 656 1287 702; x_wconf 87' lang='lat' dir='ltr'>Orpheus</span> 
     </span>
     <span class='ocr_line' id='line_1_12' title="bbox 298 702 1153 755; baseline -0.004 -16"><span class='ocrx_word' id='word_1_63' title='bbox 298 704 394 749; x_wconf 85' lang='lat' dir='ltr'>Org1</span> <span class='ocrx_word' id='word_1_64' title='bbox 395 716 417 739; x_wconf 90' lang='lat' dir='ltr'>a</span> <span class='ocrx_word' id='word_1_65' title='bbox 431 703 643 738; x_wconf 84' lang='lat' dir='ltr'>tradiderat</span> <span class='ocrx_word' id='word_1_66' title='bbox 659 714 746 737; x_wconf 90' lang='lat' dir='ltr'>cum</span> <span class='ocrx_word' id='word_1_67' title='bbox 757 702 943 755; x_wconf 80' lang='lat' dir='ltr'>Cecropio</span> <span class='ocrx_word' id='word_1_68' title='bbox 957 703 1153 748; x_wconf 87' lang='lat' dir='ltr'>Eumolpo.</span> 
     </span>
    </p>

    <p class='ocr_par' dir='ltr' id='par_1_8' title="bbox 298 749 1326 841">
     <span class='ocr_line' id='line_1_13' title="bbox 299 749 1326 802; baseline 0 -17"><span class='ocrx_word' id='word_1_69' title='bbox 299 750 371 794; x_wconf 81' lang='lat' dir='ltr'>Qui</span> <span class='ocrx_word' id='word_1_70' title='bbox 388 750 501 785; x_wconf 85' lang='lat' dir='ltr'>simul</span> <span class='ocrx_word' id='word_1_71' title='bbox 517 749 673 794; x_wconf 81' lang='lat' dir='ltr'>agnovit</span> <span class='ocrx_word' id='word_1_72' title='bbox 690 749 832 783; x_wconf 89' lang='lat' dir='ltr'>socium</span> <span class='ocrx_word' id='word_1_73' title='bbox 850 749 1106 802; x_wconf 89' lang='lat' dir='ltr'>comitemque</span> <span class='ocrx_word' id='word_1_74' title='bbox 1121 761 1326 793; x_wconf 85' lang='lat' dir='ltr'>sacrorum,</span> 
     </span>
     <span class='ocr_line' id='line_1_14' title="bbox 298 794 1127 841; baseline -0.001 -10"><span class='ocrx_word' id='word_1_75' title='bbox 298 797 472 841; x_wconf 82' lang='lat' dir='ltr'>Hospitis</span> <span class='ocrx_word' id='word_1_76' title='bbox 489 796 656 830; x_wconf 82' lang='lat' dir='ltr'>adventu</span> <span class='ocrx_word' id='word_1_77' title='bbox 671 794 814 830; x_wconf 77' lang='lat' dir='ltr'>festum</span> <span class='ocrx_word' id='word_1_78' title='bbox 831 795 1032 840; x_wconf 86' lang='lat' dir='ltr'>genialiter</span> <span class='ocrx_word' id='word_1_79' title='bbox 1047 795 1127 841; x_wconf 85' lang='lat' dir='ltr'>egit</span> 
     </span>
    </p>

    <p class='ocr_par' dir='ltr' id='par_1_9' title="bbox 297 841 1265 1027">
     <span class='ocr_line' id='line_1_15' title="bbox 298 841 1246 888; baseline 0 -10"><span class='ocrx_word' id='word_1_80' title='bbox 298 843 371 878; x_wconf 89' lang='lat' dir='ltr'>Per</span> <span class='ocrx_word' id='word_1_81' title='bbox 386 843 444 878; x_wconf 88' lang='lat' dir='ltr'>bis</span> <span class='ocrx_word' id='word_1_82' title='bbox 461 843 630 888; x_wconf 88' lang='lat' dir='ltr'>quinque</span> <span class='ocrx_word' id='word_1_83' title='bbox 646 841 725 876; x_wconf 89' lang='lat' dir='ltr'>dies</span> <span class='ocrx_word' id='word_1_84' title='bbox 743 846 780 876; x_wconf 86' lang='lat' dir='ltr'>et</span> <span class='ocrx_word' id='word_1_85' title='bbox 797 841 949 886; x_wconf 81' lang='lat' dir='ltr'>junctas</span> <span class='ocrx_word' id='word_1_86' title='bbox 962 842 1094 877; x_wconf 85' lang='lat' dir='ltr'>ordine</span> <span class='ocrx_word' id='word_1_87' title='bbox 1106 846 1246 878; x_wconf 72' lang='lat' dir='ltr'>noctes.</span> 
     </span>
     <span class='ocr_line' id='line_1_16' title="bbox 298 888 1180 935; baseline -0.001 -11"><span class='ocrx_word' id='word_1_88' title='bbox 298 889 378 924; x_wconf 88' lang='lat' dir='ltr'>Et&#39;</span> <span class='ocrx_word' id='word_1_89' title='bbox 365 901 444 935; x_wconf 80' lang='lat' dir='ltr'>Jam</span> <span class='ocrx_word' id='word_1_90' title='bbox 460 888 654 923; x_wconf 84' lang='lat' dir='ltr'>stellarum</span> <span class='ocrx_word' id='word_1_91' title='bbox 671 888 832 922; x_wconf 89' lang='lat' dir='ltr'>sublime</span> <span class='ocrx_word' id='word_1_92' title='bbox 846 893 1021 932; x_wconf 85' lang='lat' dir='ltr'>coegerat</span> <span class='ocrx_word' id='word_1_93' title='bbox 1042 900 1180 933; x_wconf 85' lang='lat' dir='ltr'>agmen</span> 
     </span>
     <span class='ocr_line' id='line_1_17' title="bbox 297 934 1265 981; baseline 0.001 -11"><span class='ocrx_word' id='word_1_94' title='bbox 297 935 450 970; x_wconf 81' lang='lat' dir='ltr'>Lucifer</span> <span class='ocrx_word' id='word_1_95' title='bbox 463 935 699 975; x_wconf 89' lang='lat' dir='ltr'>undecimus,</span> <span class='ocrx_word' id='word_1_96' title='bbox 715 934 841 978; x_wconf 82' lang='lat' dir='ltr'>Lydos</span> <span class='ocrx_word' id='word_1_97' title='bbox 857 946 943 969; x_wconf 91' lang='lat' dir='ltr'>cum</span> <span class='ocrx_word' id='word_1_98' title='bbox 958 935 1107 970; x_wconf 88' lang='lat' dir='ltr'>laetus</span> <span class='ocrx_word' id='word_1_99' title='bbox 1097 947 1137 969; x_wconf 83' lang='lat' dir='ltr'>in</span> <span class='ocrx_word' id='word_1_100' title='bbox 1153 947 1265 981; x_wconf 85' lang='lat' dir='ltr'>agros</span> 
     </span>
     <span class='ocr_line' id='line_1_18' title="bbox 298 980 1224 1027; baseline 0.001 -10"><span class='ocrx_word' id='word_1_101' title='bbox 298 982 377 1018; x_wconf 82' lang='lat' dir='ltr'>Rex</span> <span class='ocrx_word' id='word_1_102' title='bbox 393 982 509 1023; x_wconf 88' lang='lat' dir='ltr'>venit,</span> <span class='ocrx_word' id='word_1_103' title='bbox 525 985 564 1016; x_wconf 90' lang='lat' dir='ltr'>et</span> <span class='ocrx_word' id='word_1_104' title='bbox 579 980 712 1027; x_wconf 83' lang='lat' dir='ltr'>juveni</span> <span class='ocrx_word' id='word_1_105' title='bbox 731 980 903 1015; x_wconf 87' lang='lat' dir='ltr'>Silenum</span> <span class='ocrx_word' id='word_1_106' title='bbox 919 981 1045 1016; x_wconf 89' lang='lat' dir='ltr'>reddit</span> <span class='ocrx_word' id='word_1_107' title='bbox 1061 982 1224 1018; x_wconf 88' lang='lat' dir='ltr'>alumno.</span> 
     </span>
    </p>
   </div>
   <div class='ocr_carea' id='block_1_8' title="bbox 273 1027 1220 1073">
    <p class='ocr_par' dir='ltr' id='par_1_10' title="bbox 273 1027 1220 1073">
     <span class='ocr_line' id='line_1_19' title="bbox 273 1027 1220 1073; baseline 0.002 -12"><span class='ocrx_word' id='word_1_108' title='bbox 273 1028 397 1063; x_wconf 50' lang='lat' dir='ltr'>(Huic</span> <span class='ocrx_word' id='word_1_109' title='bbox 414 1029 508 1063; x_wconf 87' lang='lat' dir='ltr'>deus</span> <span class='ocrx_word' id='word_1_110' title='bbox 525 1027 682 1073; x_wconf 82' lang='lat' dir='ltr'>optandi</span> <span class='ocrx_word' id='word_1_111' title='bbox 698 1032 863 1072; x_wconf 87' lang='lat' dir='ltr'>gratum,</span> <span class='ocrx_word' id='word_1_112' title='bbox 881 1028 948 1062; x_wconf 89' lang='lat' dir='ltr'>sed</span> <span class='ocrx_word' id='word_1_113' title='bbox 964 1028 1111 1067; x_wconf 84' lang='lat' dir='ltr'>inutile,</span> <span class='ocrx_word' id='word_1_114' title='bbox 1128 1028 1220 1063; x_wconf 82' lang='lat' dir='ltr'>fecit</span> 
     </span>
    </p>
   </div>
   <div class='ocr_carea' id='block_1_9' title="bbox 298 1074 1307 1638">
    <p class='ocr_par' dir='ltr' id='par_1_11' title="bbox 298 1074 1202 1120">
     <span class='ocr_line' id='line_1_20' title="bbox 298 1074 1202 1120; baseline 0 -11"><span class='ocrx_word' id='word_1_115' title='bbox 298 1075 468 1109; x_wconf 82' lang='lat' dir='ltr'>Muneris</span> <span class='ocrx_word' id='word_1_116' title='bbox 485 1074 698 1114; x_wconf 84' lang='lat' dir='ltr'>arbitrium,</span> <span class='ocrx_word' id='word_1_117' title='bbox 715 1074 885 1119; x_wconf 88' lang='lat' dir='ltr'>gaudens</span> <span class='ocrx_word' id='word_1_118' title='bbox 903 1074 1022 1108; x_wconf 78' lang='lat' dir='ltr'>altore</span> <span class='ocrx_word' id='word_1_119' title='bbox 1039 1078 1202 1120; x_wconf 82' lang='lat' dir='ltr'>recepto.</span> 
     </span>
    </p>

    <p class='ocr_par' dir='ltr' id='par_1_12' title="bbox 298 1120 1307 1630">
     <span class='ocr_line' id='line_1_21' title="bbox 299 1120 1224 1167; baseline 0 -11"><span class='ocrx_word' id='word_1_120' title='bbox 299 1121 380 1162; x_wconf 91' lang='lat' dir='ltr'>Ille,</span> <span class='ocrx_word' id='word_1_121' title='bbox 398 1121 495 1156; x_wconf 88' lang='lat' dir='ltr'>male</span> <span class='ocrx_word' id='word_1_122' title='bbox 510 1132 652 1155; x_wconf 83' lang='lat' dir='ltr'>usurus</span> <span class='ocrx_word' id='word_1_123' title='bbox 670 1120 791 1161; x_wconf 89' lang='lat' dir='ltr'>donis,</span> <span class='ocrx_word' id='word_1_124' title='bbox 806 1120 886 1155; x_wconf 85' lang='lat' dir='ltr'>ait‘</span> <span class='ocrx_word' id='word_1_125' title='bbox 890 1120 1026 1161; x_wconf 87' lang='lat' dir='ltr'>‘‚effice</span> <span class='ocrx_word' id='word_1_126' title='bbox 1043 1121 1224 1167; x_wconf 89' lang='lat' dir='ltr'>quicquid</span> 
     </span>
     <span class='ocr_line' id='line_1_22' title="bbox 300 1166 1281 1213; baseline 0 -10"><span class='ocrx_word' id='word_1_127' title='bbox 300 1168 467 1213; x_wconf 84' lang='lat' dir='ltr'>Corpore</span> <span class='ocrx_word' id='word_1_128' title='bbox 483 1167 691 1212; x_wconf 87' lang='lat' dir='ltr'>contigero,</span> <span class='ocrx_word' id='word_1_129' title='bbox 707 1166 858 1201; x_wconf 79' lang='lat' dir='ltr'>fulvum</span> <span class='ocrx_word' id='word_1_130' title='bbox 874 1171 1050 1202; x_wconf 85' lang='lat' dir='ltr'>vertatur</span> <span class='ocrx_word' id='word_1_131' title='bbox 1065 1179 1105 1201; x_wconf 80' lang='lat' dir='ltr'>in</span> <span class='ocrx_word' id='word_1_132' title='bbox 1121 1168 1281 1204; x_wconf 62' lang='lat' dir='ltr'>aurum!</span> 
     </span>
     <span class='ocr_line' id='line_1_23' title="bbox 298 1213 1181 1259; baseline 0 -11"><span class='ocrx_word' id='word_1_133' title='bbox 298 1214 446 1249; x_wconf 88' lang='lat' dir='ltr'>Annuit</span> <span class='ocrx_word' id='word_1_134' title='bbox 462 1214 613 1259; x_wconf 86' lang='lat' dir='ltr'>optatis,</span> <span class='ocrx_word' id='word_1_135' title='bbox 628 1213 875 1259; x_wconf 86' lang='lat' dir='ltr'>nocituraque</span> <span class='ocrx_word' id='word_1_136' title='bbox 891 1224 1049 1248; x_wconf 88' lang='lat' dir='ltr'>munera</span> <span class='ocrx_word' id='word_1_137' title='bbox 1065 1213 1181 1249; x_wconf 81' lang='lat' dir='ltr'>solvit</span> 
     </span>
     <span class='ocr_line' id='line_1_24' title="bbox 299 1259 1233 1305; baseline 0.001 -10"><span class='ocrx_word' id='word_1_138' title='bbox 299 1261 421 1301; x_wconf 88' lang='lat' dir='ltr'>Liber,</span> <span class='ocrx_word' id='word_1_139' title='bbox 438 1264 477 1295; x_wconf 89' lang='lat' dir='ltr'>et</span> <span class='ocrx_word' id='word_1_140' title='bbox 491 1260 664 1300; x_wconf 92' lang='lat' dir='ltr'>indoluit,</span> <span class='ocrx_word' id='word_1_141' title='bbox 681 1259 782 1304; x_wconf 86' lang='lat' dir='ltr'>quod</span> <span class='ocrx_word' id='word_1_142' title='bbox 798 1271 875 1294; x_wconf 89' lang='lat' dir='ltr'>non</span> <span class='ocrx_word' id='word_1_143' title='bbox 890 1260 1046 1294; x_wconf 84' lang='lat' dir='ltr'>meliora</span> <span class='ocrx_word' id='word_1_144' title='bbox 1062 1261 1233 1305; x_wconf 85' lang='lat' dir='ltr'>petisset.</span> 
     </span>
     <span class='ocr_line' id='line_1_25' title="bbox 300 1306 1302 1352; baseline 0.002 -11"><span class='ocrx_word' id='word_1_145' title='bbox 300 1307 438 1342; x_wconf 87' lang='lat' dir='ltr'>Laetus</span> <span class='ocrx_word' id='word_1_146' title='bbox 455 1307 536 1341; x_wconf 88' lang='lat' dir='ltr'>abit</span> <span class='ocrx_word' id='word_1_147' title='bbox 553 1306 769 1352; x_wconf 86' lang='lat' dir='ltr'>gaudetque</span> <span class='ocrx_word' id='word_1_148' title='bbox 785 1306 883 1340; x_wconf 91' lang='lat' dir='ltr'>malo</span> <span class='ocrx_word' id='word_1_149' title='bbox 900 1306 1151 1351; x_wconf 85' lang='lat' dir='ltr'>Berecyntius</span> <span class='ocrx_word' id='word_1_150' title='bbox 1168 1308 1279 1343; x_wconf 89' lang='lat' dir='ltr'>heros</span> <span class='ocrx_word' id='word_1_151' title='bbox 1294 1324 1302 1343; x_wconf 76' lang='lat' dir='ltr'><strong><em>z</em></strong></span> 
     </span>
     <span class='ocr_line' id='line_1_26' title="bbox 300 1352 1234 1399; baseline 0.001 -11"><span class='ocrx_word' id='word_1_152' title='bbox 300 1353 535 1399; x_wconf 88' lang='lat' dir='ltr'>Pollicitique</span> <span class='ocrx_word' id='word_1_153' title='bbox 552 1353 663 1387; x_wconf 89' lang='lat' dir='ltr'>fidem</span> <span class='ocrx_word' id='word_1_154' title='bbox 681 1352 872 1397; x_wconf 86' lang='lat' dir='ltr'>tangendo</span> <span class='ocrx_word' id='word_1_155' title='bbox 889 1353 1042 1398; x_wconf 84' lang='lat' dir='ltr'>singula</span> <span class='ocrx_word' id='word_1_156' title='bbox 1057 1358 1234 1399; x_wconf 89' lang='lat' dir='ltr'>temptat.</span> 
     </span>
     <span class='ocr_line' id='line_1_27' title="bbox 300 1399 1263 1445; baseline 0.002 -11"><span class='ocrx_word' id='word_1_157' title='bbox 300 1399 450 1445; x_wconf 83' lang='lat' dir='ltr'>Vixque</span> <span class='ocrx_word' id='word_1_158' title='bbox 467 1399 539 1434; x_wconf 91' lang='lat' dir='ltr'>sibi</span> <span class='ocrx_word' id='word_1_159' title='bbox 555 1399 722 1439; x_wconf 89' lang='lat' dir='ltr'>credens,</span> <span class='ocrx_word' id='word_1_160' title='bbox 740 1411 815 1433; x_wconf 92' lang='lat' dir='ltr'>non</span> <span class='ocrx_word' id='word_1_161' title='bbox 832 1399 909 1433; x_wconf 87' lang='lat' dir='ltr'>alta</span> <span class='ocrx_word' id='word_1_162' title='bbox 924 1399 1058 1434; x_wconf 86' lang='lat' dir='ltr'>fronde</span> <span class='ocrx_word' id='word_1_163' title='bbox 1074 1400 1263 1436; x_wconf 60' lang='lat' dir='ltr'>Virentem</span> 
     </span>
     <span class='ocr_line' id='line_1_28' title="bbox 301 1445 1217 1490; baseline 0 -10"><span class='ocrx_word' id='word_1_164' title='bbox 301 1446 390 1480; x_wconf 83' lang='lat' dir='ltr'>llice</span> <span class='ocrx_word' id='word_1_165' title='bbox 406 1445 572 1480; x_wconf 86' lang='lat' dir='ltr'>detraxit</span> <span class='ocrx_word' id='word_1_166' title='bbox 588 1446 736 1490; x_wconf 78' lang='lat' dir='ltr'>virgam</span> <span class='ocrx_word' id='word_1_167' title='bbox 752 1461 758 1480; x_wconf 76' lang='grc' dir='ltr'>ε</span> <span class='ocrx_word' id='word_1_168' title='bbox 783 1445 892 1489; x_wconf 83' lang='lat' dir='ltr'>virga</span> <span class='ocrx_word' id='word_1_169' title='bbox 907 1457 1021 1480; x_wconf 83' lang='lat' dir='ltr'>aurea</span> <span class='ocrx_word' id='word_1_170' title='bbox 1031 1445 1132 1481; x_wconf 89' lang='lat' dir='ltr'>facta</span> <span class='ocrx_word' id='word_1_171' title='bbox 1148 1454 1217 1482; x_wconf 83' lang='lat' dir='ltr'>est.</span> 
     </span>
     <span class='ocr_line' id='line_1_29' title="bbox 299 1493 1307 1537; baseline 0.003 -11"><span class='ocrx_word' id='word_1_172' title='bbox 299 1493 412 1527; x_wconf 84' lang='lat' dir='ltr'>Tollit</span> <span class='ocrx_word' id='word_1_173' title='bbox 428 1493 544 1527; x_wconf 91' lang='lat' dir='ltr'>humo</span> <span class='ocrx_word' id='word_1_174' title='bbox 561 1503 711 1526; x_wconf 82' lang='lat' dir='ltr'>saxum:</span> <span class='ocrx_word' id='word_1_175' title='bbox 738 1503 868 1526; x_wconf 85' lang='lat' dir='ltr'>saxum</span> <span class='ocrx_word' id='word_1_176' title='bbox 885 1503 1034 1537; x_wconf 90' lang='lat' dir='ltr'>quoque</span> <span class='ocrx_word' id='word_1_177' title='bbox 1053 1493 1188 1536; x_wconf 83' lang='lat' dir='ltr'>palluit</span> <span class='ocrx_word' id='word_1_178' title='bbox 1204 1505 1307 1529; x_wconf 88' lang='lat' dir='ltr'>auro.</span> 
     </span>
     <span class='ocr_line' id='line_1_30' title="bbox 302 1538 1259 1584; baseline 0.002 -11"><span class='ocrx_word' id='word_1_179' title='bbox 302 1539 475 1584; x_wconf 78' lang='lat' dir='ltr'>Contigit</span> <span class='ocrx_word' id='word_1_180' title='bbox 492 1543 530 1574; x_wconf 90' lang='lat' dir='ltr'>et</span> <span class='ocrx_word' id='word_1_181' title='bbox 548 1538 741 1583; x_wconf 79' lang='lat' dir='ltr'>glaebam:</span> <span class='ocrx_word' id='word_1_182' title='bbox 767 1542 943 1573; x_wconf 82' lang='lat' dir='ltr'>contactu</span> <span class='ocrx_word' id='word_1_183' title='bbox 961 1539 1093 1582; x_wconf 80' lang='lat' dir='ltr'>glaeba</span> <span class='ocrx_word' id='word_1_184' title='bbox 1109 1541 1259 1584; x_wconf 86' lang='lat' dir='ltr'>potenti</span> 
     </span>
     <span class='ocr_line' id='line_1_31' title="bbox 302 1566 1243 1638; baseline 0.002 -18"><span class='ocrx_word' id='word_1_185' title='bbox 302 1585 429 1620; x_wconf 87' lang='lat' dir='ltr'>Massa</span> <span class='ocrx_word' id='word_1_186' title='bbox 446 1585 498 1620; x_wconf 91' lang='lat' dir='ltr'>fit.</span> <span class='ocrx_word' id='word_1_187' title='bbox 539 1589 690 1638; x_wconf 84' lang='lat' dir='ltr'>arentes</span> <span class='ocrx_word' id='word_1_188' title='bbox 709 1584 858 1620; x_wconf 84' lang='lat' dir='ltr'>Cereris</span> <span class='ocrx_word' id='word_1_189' title='bbox 876 1566 1066 1630; x_wconf 83' lang='lat' dir='ltr'>decerpsit</span> <span class='ocrx_word' id='word_1_190' title='bbox 1083 1586 1243 1622; x_wconf 84' lang='lat' dir='ltr'>aristas.</span> 
     </span>
    </p>
   </div>
   <div class='ocr_carea' id='block_1_10' title="bbox 300 1631 1390 1684">
    <p class='ocr_par' dir='ltr' id='par_1_13' title="bbox 300 1631 1390 1684">
     <span class='ocr_line' id='line_1_32' title="bbox 300 1631 1390 1684; baseline 0.003 -18"><span class='ocrx_word' id='word_1_191' title='bbox 300 1632 426 1666; x_wconf 84' lang='lat' dir='ltr'>Aurea</span> <span class='ocrx_word' id='word_1_192' title='bbox 442 1631 578 1666; x_wconf 84' lang='lat' dir='ltr'>messis</span> <span class='ocrx_word' id='word_1_193' title='bbox 596 1636 688 1666; x_wconf 86' lang='lat' dir='ltr'>erat.</span> <span class='ocrx_word' id='word_1_194' title='bbox 725 1631 924 1684; x_wconf 78' lang='lat' dir='ltr'>demptum</span> <span class='ocrx_word' id='word_1_195' title='bbox 942 1635 1047 1666; x_wconf 84' lang='lat' dir='ltr'>tenet</span> <span class='ocrx_word' id='word_1_196' title='bbox 1064 1633 1197 1667; x_wconf 81' lang='lat' dir='ltr'>arbore</span> <span class='ocrx_word' id='word_1_197' title='bbox 1214 1645 1390 1678; x_wconf 88' lang='lat' dir='ltr'>pomum:</span> 
     </span>
    </p>
   </div>
   <div class='ocr_carea' id='block_1_11' title="bbox 300 1677 1300 2373">
    <p class='ocr_par' dir='ltr' id='par_1_14' title="bbox 301 1677 1216 1769">
     <span class='ocr_line' id='line_1_33' title="bbox 302 1677 1216 1723; baseline 0.002 -11"><span class='ocrx_word' id='word_1_198' title='bbox 302 1678 530 1723; x_wconf 81' lang='lat' dir='ltr'>Hespeiidas</span> <span class='ocrx_word' id='word_1_199' title='bbox 549 1677 710 1713; x_wconf 86' lang='lat' dir='ltr'>donasse</span> <span class='ocrx_word' id='word_1_200' title='bbox 727 1684 849 1722; x_wconf 82' lang='lat' dir='ltr'>putes.</span> <span class='ocrx_word' id='word_1_201' title='bbox 888 1678 920 1712; x_wconf 83' lang='lat' dir='ltr'>si</span> <span class='ocrx_word' id='word_1_202' title='bbox 938 1678 1112 1722; x_wconf 85' lang='lat' dir='ltr'>postibus</span> <span class='ocrx_word' id='word_1_203' title='bbox 1130 1679 1216 1714; x_wconf 85' lang='lat' dir='ltr'>altis</span> 
     </span>
     <span class='ocr_line' id='line_1_34' title="bbox 301 1724 1165 1769; baseline 0.001 -11"><span class='ocrx_word' id='word_1_204' title='bbox 301 1724 482 1759; x_wconf 88' lang='lat' dir='ltr'>Admovit</span> <span class='ocrx_word' id='word_1_205' title='bbox 497 1724 650 1769; x_wconf 81' lang='lat' dir='ltr'>digitos,</span> <span class='ocrx_word' id='word_1_206' title='bbox 666 1729 795 1768; x_wconf 85' lang='lat' dir='ltr'>postes</span> <span class='ocrx_word' id='word_1_207' title='bbox 814 1724 958 1758; x_wconf 81' lang='lat' dir='ltr'>radiare</span> <span class='ocrx_word' id='word_1_208' title='bbox 976 1725 1165 1759; x_wconf 83' lang='lat' dir='ltr'>videntur.</span> 
     </span>
    </p>

    <p class='ocr_par' dir='ltr' id='par_1_15' title="bbox 302 1770 1215 1862">
     <span class='ocr_line' id='line_1_35' title="bbox 302 1770 1215 1816; baseline 0.003 -12"><span class='ocrx_word' id='word_1_209' title='bbox 302 1771 370 1806; x_wconf 89' lang='lat' dir='ltr'>Ille</span> <span class='ocrx_word' id='word_1_210' title='bbox 388 1771 502 1806; x_wconf 88' lang='lat' dir='ltr'>etiam</span> <span class='ocrx_word' id='word_1_211' title='bbox 519 1770 673 1816; x_wconf 85' lang='lat' dir='ltr'>liquidis</span> <span class='ocrx_word' id='word_1_212' title='bbox 689 1770 833 1816; x_wconf 86' lang='lat' dir='ltr'>palmas</span> <span class='ocrx_word' id='word_1_213' title='bbox 848 1771 911 1805; x_wconf 87' lang='lat' dir='ltr'>ubi</span> <span class='ocrx_word' id='word_1_214' title='bbox 928 1771 1032 1805; x_wconf 73' lang='lat' dir='ltr'>lave!</span> <span class='ocrx_word' id='word_1_215' title='bbox 1035 1779 1073 1805; x_wconf 87' lang='lat' dir='ltr'>at</span> <span class='ocrx_word' id='word_1_216' title='bbox 1090 1772 1215 1813; x_wconf 84' lang='lat' dir='ltr'>undis,</span> 
     </span>
     <span class='ocr_line' id='line_1_36' title="bbox 302 1815 1205 1862; baseline 0.004 -12"><span class='ocrx_word' id='word_1_217' title='bbox 302 1815 413 1851; x_wconf 84' lang='lat' dir='ltr'>Unda</span> <span class='ocrx_word' id='word_1_218' title='bbox 429 1817 550 1852; x_wconf 85' lang='lat' dir='ltr'>fluens</span> <span class='ocrx_word' id='word_1_219' title='bbox 568 1817 703 1862; x_wconf 88' lang='lat' dir='ltr'>palmis</span> <span class='ocrx_word' id='word_1_220' title='bbox 721 1816 877 1851; x_wconf 69' lang='lat' dir='ltr'>Danaen</span> <span class='ocrx_word' id='word_1_221' title='bbox 895 1817 1047 1852; x_wconf 77' lang='lat' dir='ltr'>eludeic</span> <span class='ocrx_word' id='word_1_222' title='bbox 1065 1824 1205 1862; x_wconf 76' lang='lat' dir='ltr'>posset.</span> 
     </span>
    </p>

    <p class='ocr_par' dir='ltr' id='par_1_16' title="bbox 300 1863 1247 2042">
     <span class='ocr_line' id='line_1_37' title="bbox 300 1863 1247 1909; baseline 0.002 -11"><span class='ocrx_word' id='word_1_223' title='bbox 300 1864 375 1898; x_wconf 83' lang='lat' dir='ltr'>Vix</span> <span class='ocrx_word' id='word_1_224' title='bbox 393 1875 478 1908; x_wconf 87' lang='lat' dir='ltr'>spes</span> <span class='ocrx_word' id='word_1_225' title='bbox 496 1864 576 1908; x_wconf 88' lang='lat' dir='ltr'>ipse</span> <span class='ocrx_word' id='word_1_226' title='bbox 593 1874 680 1898; x_wconf 81' lang='lat' dir='ltr'>suas</span> <span class='ocrx_word' id='word_1_227' title='bbox 697 1863 822 1898; x_wconf 83' lang='lat' dir='ltr'>animo</span> <span class='ocrx_word' id='word_1_228' title='bbox 840 1863 951 1908; x_wconf 85' lang='lat' dir='ltr'>capit,</span> <span class='ocrx_word' id='word_1_229' title='bbox 969 1875 1082 1898; x_wconf 75' lang='lat' dir='ltr'>aurea</span> <span class='ocrx_word' id='word_1_230' title='bbox 1099 1864 1247 1909; x_wconf 80' lang='lat' dir='ltr'>fingens</span> 
     </span>
     <span class='ocr_line' id='line_1_38' title="bbox 301 1908 1192 1955; baseline 0.002 -11"><span class='ocrx_word' id='word_1_231' title='bbox 301 1908 446 1944; x_wconf 85' lang='lat' dir='ltr'>Omnia.</span> <span class='ocrx_word' id='word_1_232' title='bbox 484 1909 665 1952; x_wconf 69' lang='lat' dir='ltr'>gaudenti</span> <span class='ocrx_word' id='word_1_233' title='bbox 682 1921 831 1944; x_wconf 84' lang='lat' dir='ltr'>mensas</span> <span class='ocrx_word' id='word_1_234' title='bbox 849 1921 1006 1955; x_wconf 76' lang='lat' dir='ltr'>posucxc</span> <span class='ocrx_word' id='word_1_235' title='bbox 1024 1911 1192 1946; x_wconf 88' lang='lat' dir='ltr'>ministri</span> 
     </span>
     <span class='ocr_line' id='line_1_39' title="bbox 305 1956 1261 2009; baseline 0.003 -19"><span class='ocrx_word' id='word_1_236' title='bbox 305 1956 529 1991; x_wconf 81' lang='lat' dir='ltr'>Exstructas</span> <span class='ocrx_word' id='word_1_237' title='bbox 547 1956 709 2009; x_wconf 80' lang='lat' dir='ltr'>dapibus</span> <span class='ocrx_word' id='word_1_238' title='bbox 727 1967 795 1991; x_wconf 88' lang='lat' dir='ltr'>nec</span> <span class='ocrx_word' id='word_1_239' title='bbox 811 1960 934 1991; x_wconf 85' lang='lat' dir='ltr'>tostae</span> <span class='ocrx_word' id='word_1_240' title='bbox 952 1956 1074 2000; x_wconf 62' lang='lat' dir='ltr'>fingis</span> <span class='ocrx_word' id='word_1_241' title='bbox 1089 1964 1261 2001; x_wconf 83' lang='lat' dir='ltr'>egentes:</span> 
     </span>
     <span class='ocr_line' id='line_1_40' title="bbox 301 2002 1110 2042; baseline -0.003 -6"><span class='ocrx_word' id='word_1_242' title='bbox 301 2002 397 2037; x_wconf 87' lang='lat' dir='ltr'>Tum</span> <span class='ocrx_word' id='word_1_243' title='bbox 414 2013 514 2042; x_wconf 81' lang='lat' dir='ltr'>vero,</span> <span class='ocrx_word' id='word_1_244' title='bbox 534 2003 612 2037; x_wconf 80' lang='lat' dir='ltr'>sive</span> <span class='ocrx_word' id='word_1_245' title='bbox 628 2002 692 2036; x_wconf 90' lang='lat' dir='ltr'>ille</span> <span class='ocrx_word' id='word_1_246' title='bbox 709 2014 778 2037; x_wconf 84' lang='lat' dir='ltr'>sua</span> <span class='ocrx_word' id='word_1_247' title='bbox 796 2002 962 2037; x_wconf 78' lang='lat' dir='ltr'>Cerealia</span> <span class='ocrx_word' id='word_1_248' title='bbox 979 2004 1045 2037; x_wconf 64' lang='lat' dir='ltr'>dm</span> <span class='ocrx_word' id='word_1_249' title='bbox 1074 2017 1110 2036; x_wconf 65' lang='lat' dir='ltr'>vn</span> 
     </span>
    </p>

    <p class='ocr_par' dir='ltr' id='par_1_17' title="bbox 301 2049 1297 2232">
     <span class='ocr_line' id='line_1_41' title="bbox 301 2049 1214 2093; baseline 0.003 -11"><span class='ocrx_word' id='word_1_250' title='bbox 301 2049 459 2083; x_wconf 86' lang='lat' dir='ltr'>Munera</span> <span class='ocrx_word' id='word_1_251' title='bbox 475 2049 697 2093; x_wconf 73' lang='lat' dir='ltr'>contigerat.</span> <span class='ocrx_word' id='word_1_252' title='bbox 717 2049 884 2084; x_wconf 82' lang='lat' dir='ltr'>Cerealia</span> <span class='ocrx_word' id='word_1_253' title='bbox 901 2049 999 2084; x_wconf 79' lang='lat' dir='ltr'>dona</span> <span class='ocrx_word' id='word_1_254' title='bbox 1018 2051 1214 2093; x_wconf 50' lang='lat' dir='ltr'>rigi-baum</span> 
     </span>
     <span class='ocr_line' id='line_1_42' title="bbox 302 2095 1190 2141; baseline 0.001 -12"><span class='ocrx_word' id='word_1_255' title='bbox 302 2095 390 2129; x_wconf 84' lang='lat' dir='ltr'>Sive</span> <span class='ocrx_word' id='word_1_256' title='bbox 408 2096 520 2140; x_wconf 77' lang='lat' dir='ltr'>dapes</span> <span class='ocrx_word' id='word_1_257' title='bbox 539 2095 648 2129; x_wconf 79' lang='lat' dir='ltr'>avido</span> <span class='ocrx_word' id='word_1_258' title='bbox 666 2096 876 2130; x_wconf 77' lang='lat' dir='ltr'>convellere</span> <span class='ocrx_word' id='word_1_259' title='bbox 892 2095 1005 2130; x_wconf 83' lang='lat' dir='ltr'>dente</span> <span class='ocrx_word' id='word_1_260' title='bbox 1023 2097 1190 2141; x_wconf 61' lang='lat' dir='ltr'>parabat„</span> 
     </span>
     <span class='ocr_line' id='line_1_43' title="bbox 303 2141 1297 2188; baseline 0.006 -13"><span class='ocrx_word' id='word_1_261' title='bbox 303 2141 497 2175; x_wconf 78' lang='lat' dir='ltr'>Lammina</span> <span class='ocrx_word' id='word_1_262' title='bbox 515 2142 616 2176; x_wconf 76' lang='lat' dir='ltr'>fulva</span> <span class='ocrx_word' id='word_1_263' title='bbox 634 2142 761 2186; x_wconf 74' lang='lat' dir='ltr'>dapes.</span> <span class='ocrx_word' id='word_1_264' title='bbox 778 2142 931 2176; x_wconf 79' lang='lat' dir='ltr'>admoto</span> <span class='ocrx_word' id='word_1_265' title='bbox 949 2142 1072 2183; x_wconf 74' lang='lat' dir='ltr'>dente,</span> <span class='ocrx_word' id='word_1_266' title='bbox 1090 2144 1297 2188; x_wconf 69' lang='lat' dir='ltr'>premebat.</span> 
     </span>
     <span class='ocr_line' id='line_1_44' title="bbox 303 2188 1174 2240; baseline 0.002 -19.005"><span class='ocrx_word' id='word_1_267' title='bbox 303 2188 507 2222; x_wconf 77' lang='lat' dir='ltr'>Miscuerat</span> <span class='ocrx_word' id='word_1_268' title='bbox 525 2189 628 2240; x_wconf 67' lang='lat' dir='ltr'>puris</span> <span class='ocrx_word' id='word_1_269' title='bbox 647 2193 835 2223; x_wconf 79' lang='lat' dir='ltr'>auctorem</span> <span class='ocrx_word' id='word_1_270' title='bbox 856 2189 1022 2223; x_wconf 86' lang='lat' dir='ltr'>muneris</span> <span class='ocrx_word' id='word_1_271' title='bbox 1042 2190 1173 2223; x_wconf 79' lang='lat' dir='ltr'>undis.</span> <span class='ocrx_word' id='word_1_272' title='bbox 1167 2205 1174 2211; x_wconf 92' lang='lat'><strong>·</strong></span> 
     </span>
    </p>

    <p class='ocr_par' dir='ltr' id='par_1_18' title="bbox 300 2234 1289 2373">
     <span class='ocr_line' id='line_1_45' title="bbox 305 2234 1151 2279; baseline 0 -12"><span class='ocrx_word' id='word_1_273' title='bbox 305 2234 330 2267; x_wconf 62' lang='lat'>1⁴</span> <span class='ocrx_word' id='word_1_274' title='bbox 336 2235 429 2269; x_wconf 81' lang='lat' dir='ltr'>usilc</span> <span class='ocrx_word' id='word_1_275' title='bbox 448 2247 514 2279; x_wconf 69' lang='lat' dir='ltr'>por</span> <span class='ocrx_word' id='word_1_276' title='bbox 532 2235 650 2268; x_wconf 78' lang='lat' dir='ltr'>ric-tus</span> <span class='ocrx_word' id='word_1_277' title='bbox 668 2246 800 2268; x_wconf 80' lang='lat' dir='ltr'>aurum</span> <span class='ocrx_word' id='word_1_278' title='bbox 827 2235 975 2269; x_wconf 74' lang='lat' dir='ltr'>fluitare</span> <span class='ocrx_word' id='word_1_279' title='bbox 993 2235 1151 2270; x_wconf 78' lang='lat' dir='ltr'>videres.</span> 
     </span>
     <span class='ocr_line' id='line_1_46' title="bbox 300 2280 1229 2328; baseline 0.002 -14"><span class='ocrx_word' id='word_1_280' title='bbox 300 2280 500 2315; x_wconf 76' lang='lat' dir='ltr'>Attonitus</span> <span class='ocrx_word' id='word_1_281' title='bbox 519 2281 686 2315; x_wconf 73' lang='lat' dir='ltr'>novitate</span> <span class='ocrx_word' id='word_1_282' title='bbox 706 2281 804 2320; x_wconf 81' lang='lat' dir='ltr'>mali</span> <span class='ocrx_word' id='word_1_283' title='bbox 824 2281 1004 2326; x_wconf 77' lang='lat' dir='ltr'>divosque</span> <span class='ocrx_word' id='word_1_284' title='bbox 1029 2283 1229 2328; x_wconf 66' lang='lat' dir='ltr'>misti-,qno</span> 
     </span>
     <span class='ocr_line' id='line_1_47' title="bbox 304 2327 1300 2373; baseline 0.003 -12"><span class='ocrx_word' id='word_1_285' title='bbox 304 2327 478 2372; x_wconf 76' lang='lat' dir='ltr'>Effugere</span> <span class='ocrx_word' id='word_1_286' title='bbox 494 2332 601 2372; x_wconf 79' lang='lat' dir='ltr'>optat</span> <span class='ocrx_word' id='word_1_287' title='bbox 619 2338 706 2372; x_wconf 75' lang='lat' dir='ltr'>opos</span> <span class='ocrx_word' id='word_1_288' title='bbox 725 2333 762 2362; x_wconf 82' lang='lat' dir='ltr'>et.</span> <span class='ocrx_word' id='word_1_289' title='bbox 780 2340 876 2373; x_wconf 76' lang='lat' dir='ltr'>quae</span> <span class='ocrx_word' id='word_1_290' title='bbox 894 2328 1005 2363; x_wconf 89' lang='lat' dir='ltr'>modo</span> <span class='ocrx_word' id='word_1_291' title='bbox 1022 2335 1189 2369; x_wconf 81' lang='lat' dir='ltr'>voverat,</span> <span class='ocrx_word' id='word_1_292' title='bbox 1208 2329 1300 2365; x_wconf 92' lang='lat' dir='ltr'>odit.</span> 
     </span>
    </p>
   </div>
   <div class='ocr_carea' id='block_1_12' title="bbox 1455 568 1502 602">
    <p class='ocr_par' dir='ltr' id='par_1_19' title="bbox 1455 568 1502 602">
     <span class='ocr_line' id='line_1_48' title="bbox 1455 568 1502 602; baseline 0 0"><span class='ocrx_word' id='word_1_293' title='bbox 1455 568 1502 602; x_wconf 89' lang='lat'>90</span> 
     </span>
    </p>
   </div>
   <div class='ocr_carea' id='block_1_13' title="bbox 1456 798 1502 834">
    <p class='ocr_par' dir='ltr' id='par_1_20' title="bbox 1456 798 1502 834">
     <span class='ocr_line' id='line_1_49' title="bbox 1456 798 1502 834; baseline 0 0"><span class='ocrx_word' id='word_1_294' title='bbox 1456 798 1502 834; x_wconf 83' lang='lat'>95</span> 
     </span>
    </p>
   </div>
   <div class='ocr_carea' id='block_1_14' title="bbox 1433 1030 1503 1066">
    <p class='ocr_par' dir='ltr' id='par_1_21' title="bbox 1433 1030 1503 1066">
     <span class='ocr_line' id='line_1_50' title="bbox 1433 1030 1503 1066; baseline 0.014 -1"><span class='ocrx_word' id='word_1_295' title='bbox 1433 1030 1503 1066; x_wconf 90' lang='grc'>100</span> 
     </span>
    </p>
   </div>
   <div class='ocr_carea' id='block_1_15' title="bbox 1435 1263 1504 1298">
    <p class='ocr_par' dir='ltr' id='par_1_22' title="bbox 1435 1263 1504 1298">
     <span class='ocr_line' id='line_1_51' title="bbox 1435 1263 1504 1298; baseline 0 0"><span class='ocrx_word' id='word_1_296' title='bbox 1435 1263 1504 1298; x_wconf 85' lang='grc'>105</span> 
     </span>
    </p>
   </div>
   <div class='ocr_carea' id='block_1_16' title="bbox 1436 1494 1505 1530">
    <p class='ocr_par' dir='ltr' id='par_1_23' title="bbox 1436 1494 1505 1530">
     <span class='ocr_line' id='line_1_52' title="bbox 1436 1494 1505 1530; baseline 0.014 -1"><span class='ocrx_word' id='word_1_297' title='bbox 1436 1494 1505 1530; x_wconf 89' lang='grc'>110</span> 
     </span>
    </p>
   </div>
   <div class='ocr_carea' id='block_1_17' title="bbox 1439 1727 1507 1762">
    <p class='ocr_par' dir='ltr' id='par_1_24' title="bbox 1439 1727 1507 1762">
     <span class='ocr_line' id='line_1_53' title="bbox 1439 1727 1507 1762; baseline 0 0"><span class='ocrx_word' id='word_1_298' title='bbox 1439 1727 1507 1762; x_wconf 85' lang='grc'>115</span> 
     </span>
    </p>
   </div>
   <div class='ocr_carea' id='block_1_18' title="bbox 1441 1958 1509 1993">
    <p class='ocr_par' dir='ltr' id='par_1_25' title="bbox 1441 1958 1509 1993">
     <span class='ocr_line' id='line_1_54' title="bbox 1441 1958 1509 1993; baseline 0 0"><span class='ocrx_word' id='word_1_299' title='bbox 1441 1958 1509 1993; x_wconf 86' lang='grc'>120</span> 
     </span>
    </p>
   </div>
   <div class='ocr_carea' id='block_1_19' title="bbox 1442 2191 1509 2226">
    <p class='ocr_par' dir='ltr' id='par_1_26' title="bbox 1442 2191 1509 2226">
     <span class='ocr_line' id='line_1_55' title="bbox 1442 2191 1509 2226; baseline 0.015 -1"><span class='ocrx_word' id='word_1_300' title='bbox 1442 2191 1509 2226; x_wconf 86' lang='grc'>125</span> 
     </span>
    </p>
   </div>
  </div>
 </body>
</html>
